@inproceedings{ZhaoZC020,
	author    = {Hengjun Zhao and
	Xia Zeng and
	Taolue Chen and
	Zhiming Liu},
	editor    = {},
	title     = {Synthesizing barrier certificates using neural networks},
	booktitle = {{HSCC} '20},
	pages     = {25:1--25:11},
	publisher = {{ACM}},
	year      = {2020}
}


@article{yang2010recent,
  title={Recent advances in program verification through computer algebra},
  author={Yang, Lu and Zhou, Chaochen and Zhan, Naijun and Xia, Bican},
  journal={Frontiers of Computer Science in China},
  volume={4},
  number={1},
  pages={1--16},
  year={2010},
  publisher={Springer}
}

  @inProceedings{bobiti2015delta,
  title={A delta-sampling verification theorem for discrete-time, possibly discontinuous systems},
  author={Bobiti, Ruxandra and Lazar, Mircea},
  booktitle={Proc. of the Hybrid Systems: Computation and Control (HSCC)},
  pages={140--148},
  year={2015},
  organization={ACM}
}

  @inproceedings{bouissou2014computation,
  title={Computation of parametric barrier functions for dynamical systems using interval analysis},
  author={Bouissou, Olivier and Chapoutot, Alexandre and Djaballah, Adel and Kieffer, Michel},
  booktitle={Proceedings of the IEEE 53rd Annual Conference on Decision and Control (CDC)},
  pages={753--758},
  year={2014},
  organization={IEEE}
}

@article{brown2003qepcad,
  title={{QEPCAD B}: a program for computing with semi-algebraic sets using {CAD}s},
  author={Brown, Christopher W},
  journal={ACM SIGSAM Bulletin},
  volume={37},
  number={4},
  pages={97--108},
  year={2003},
  publisher={ACM Press}
}

@incollection{brown2000lyapunov,
  title={Lyapunov inequalities and their applications},
  author={Brown, Richard C and Hinton, Don B},
  booktitle={Survey on Classical Inequalities},
  pages={1--25},
  year={2000},
  publisher={Springer}
}

@article{cheze2011computation,
  title={Computation of Darboux polynomials and rational first integrals with bounded degree in polynomial time},
  author={Cheze, Guillaume},
  journal={Journal of Complexity},
  volume={27},
  number={2},
  pages={246--262},
  year={2011},
  publisher={Elsevier}
}

@article{dai2013barrier,
 author = {Dai, Liyun and Gan, Ting and Xia, Bican and Zhan, Naijun},
 title = {Barrier Certificates Revisited},
 journal = {Journal of Symbolic Computation},
 volume = {80},
 year = {2017},
 pages = {62--86},
 }

@article{ferragut2015seeking,
  title={Seeking Darboux Polynomials},
  author={Ferragut, Antoni and Gasull, Armengol},
  journal={Acta Applicandae Mathematicae},
  volume={139},
  number={1},
  pages={167--186},
  year={2015},
  publisher={Springer}
}

@article{ghorbal2016hierarchy,
  title={A hierarchy of proof rules for checking positive invariance of algebraic and semi-algebraic sets},
  author={Ghorbal, Khalil and Sogokon, Andrew and Platzer, Andr{\'e}},
  journal={Computer Languages, Systems, and Structures},
  year={2016},
  pages={http://dx.doi.org/10.1016/j.cl.2015.11.003i},
  publisher={Elsevier}
}

@inproceedings{goubault2014finding,
 title={Finding non-polynomial positive invariants and Lyapunov functions for polynomial systems through Darboux polynomials},
 author={Goubault, Eric and Jourdan, J-H and Putot, Sylvie and Sankaranarayanan, Sriram},
 booktitle={Proceedings of the 2014 American Control Conference (ACC)},
 pages={3571--3578},
 year={2014},
 organization={IEEE}
 }

  @inproceedings{GulwaniT08,
  author    = {Sumit Gulwani and
               Ashish Tiwari},
  title     = {Constraint-Based Approach for Analysis of Hybrid Systems},
  booktitle = {Proc. of the 20th International Conference on Computer Aided Verification ({CAV})},
  pages     = {190--203},
  year      = {2008}
}

@book{halmos1974undergraduate,
  title={Finite-Dimensional Vector Spaces},
  author={Halmos, Paul R},
  year={1974},
  publisher={Springer}
}

@INPROCEEDINGS{Henzinger:1996,
author={Henzinger, T.A.},
booktitle={Proc. of the IEEE Symposium on Logic in Computer Science (LICS)},
title={The theory of hybrid automata},
year={1996},
pages={278-292},
}

@incollection{kapinski2015discovering,
  title={Discovering forward invariant sets for nonlinear dynamical systems},
  author={Kapinski, James and Deshmukh, Jyotirmoy},
  booktitle={Interdisciplinary Topics in Applied Mathematics, Modeling and Computational Science},
  pages={259--264},
  year={2015},
  publisher={Springer}
}

@inProceedings{kapinski2014simulation,
  title={Simulation-guided lyapunov analysis for hybrid dynamical systems},
  author={Kapinski, James and Deshmukh, Jyotirmoy and Sankaranarayanan, Sriram and Ar{\'e}chiga, Nikos},
  booktitle={Proc. of the Hybrid Systems: Computation and Control (HSCC)},
  pages={133--142},
  year={2014},
  organization={ACM}
}

@inproceedings{kong2013exponential,
  title={Exponential-condition-based barrier certificate generation for safety verification of hybrid systems},
  author={Kong, Hui and He, Fei and Song, Xiaoyu and Hung, William NN and Gu, Ming},
  booktitle={Proceedings of the 25th International Conference on Computer Aided Verification (CAV)},
  pages={242--257},
  year={2013},
  organization={Springer}
}

@article{kong2014new,
  title={A new barrier certificate for safety verification of hybrid systems},
  author={Kong, Hui and Song, Xiaoyu and Han, Dong and Gu, Ming and Sun, Jiaguang},
  journal={The Computer Journal},
  volume={57},
  number={7},
  pages={1033--1045},
  year={2014},
  publisher={Br Computer Soc}
}

@Unpublished{KS2005,
   author= {M. Ko\v{c}vara and M. Stingl},
   title=  {{PENBMI} User's guide (Version 2.0)},
   year =  {2005},
   note=   {Available at \texttt{http://www.penopt.com}},
}

@inproceedings{liu2011complete,
  title={Computing semi-algebraic invariants for polynomial dynamical systems},
  author={Liu, J. and Zhan, N. and Zhao, H.},
  booktitle={Proceedings of the International Conference on Embedded Software (EMSOFT)},
  pages={97--106},
  year={2011},
  organization={ACM}
}

@article{llibre2007integrability,
  title={On the integrability of the Einstein--Yang--Mills equations},
  author={Llibre, Jaume and Valls, Cl{\`a}udia},
  journal={Journal of Mathematical Analysis and Applications},
  volume={336},
  number={2},
  pages={1203--1230},
  year={2007},
  publisher={Elsevier}
}

@incollection{Nadir:2010,
  title={Generating invariants for non-linear hybrid systems by linear algebraic methods},
  author={Matringe, Nadir and Moura, Arnaldo Vieira and Rebiha, Rachid},
  booktitle={Proc. of the Static Analysis},
  pages={373--389},
  year={2010},
  publisher={Springer}
}

@article{Platzer:2009,
 author = {Platzer, Andr\'{e} and Clarke, Edmund M.},
 title = {Computing differential invariants of hybrid systems as fixedpoints},
 journal = {Formal Methods in System Design},
 volume = {35},
 number = {1},
 year = {2009},
 pages = {98--120},
 publisher = {Kluwer Academic Publishers},
 address = {Hingham, MA, USA},
}

@inproceedings{Prajna04safetyverification,
  author    = {Stephen Prajna and
               Ali Jadbabaie},
  title     = {Safety Verification of Hybrid Systems Using Barrier Certificates},
  booktitle = {Proceedings of the 7th International Workshop on Hybrid Systems: Computation and Control {HSCC}},
  pages     = {477--492},
  year      = {2004},
}


@article{prajna2007safety,
  title={A framework for worst-case and stochastic safety verification using barrier certificates},
  author={Stephen Prajna and Ali Jadbabaie and George J. Pappas},
  journal={IEEE Transactions on Automatic Control},
  volume={52},
  number={8},
  pages={1415--1429},
  year={2007}
}

@article{prajnasostools,
  title={SOSTOOLS: Sum of squares optimization toolbox for MATLAB, 2002},
  author={Prajna, Stephen and Papachristodoulou, Antonis and Parrilo, PA},
  journal={URL: http://www. cds. caltech. edu/sostools}
}

@article{Rachid:TCS2015,
  author = {Rachid Rebiha, Arnaldo V. Moura, Nadir Matringe},
  title = {Generating invariants for non-linear hybrid systems},
  publisher = {Theoretical Computer Science},
  year = {2015},
  journal = {Theoretical Computer Science},
  volume = {594},
  pages = {180--200},
}

@inproceedings{Rodriguez-CarbonellT05,
  author    = {Rodr{\'\i}guez-Carbonell, Enric and Tiwari, Ashish},
  title     = {Generating Polynomial Invariants for Hybrid Systems},
  booktitle = {Proc. of the 8th ACM International Conference on Hybrid Systems: Computation and Control},
  pages     = {590--605},
  year      = {2005}
}

@article{SSM:2008,
   author = {Sankaranarayanan, Sriram and Sipma, Henny and Manna, Zohar},
   title = {Constructing invariants for hybrid systems},
   journal = {Formal Methods in System Design},
   publisher = {Springer Netherlands},
   pages = {25-55},
   volume = {32},
   issue = {1},
   year = {2008}
}

@inProceedings{sloth2012compositional,
  title={Compositional safety analysis using barrier certificates},
  author={Sloth, Christoffer and Pappas, George J. and Wisniewski, Rafael},
  booktitle={Proc. of the Hybrid Systems: Computation and Control (HSCC)},
  pages={15--24},
  year={2012},
  organization={ACM}
}

@inProceedings{sogokon2016method,
  title={A Method for Invariant Generation for Polynomial Continuous Systems},
  author={Sogokon Andrew and Ghorbal Khalil and Jackson Paul B and Platzer Andr{\'e}},
  booktitle={Proc. of the Verification, Model Checking, and Abstract Interpretation (VMCAI)},
  pages={268--288},
  year={2016},
  organization={Springer}
}

@inproceedings{sturm2011verification,
  title={Verification and synthesis using real quantifier elimination},
  author={Sturm, T. and Tiwari, A.},
  booktitle={Proceedings of the International Symposium on Symbolic and Algebraic Computation, ISSAC},
  pages={329--336},
  year={2011},
  organization={ACM Press}
}

@unpublished{yang2012exact,
  title={Exact Verification of Hybrid Systems Based on Bilinear SOS Representation},
  author={Zhengfeng Yang and Min Wu and Wang Lin},
  journal = { ACM Transactions on Embedded Computing Systems 14},
  pages={1--19},
  year={2015}
  }

@techreport{Zaki2007Combining,
  author={Zaki, Mohamed H. and Tahar, Sofi{\`e}ne and Bois, Guy},
  title={Combining Constraint Solving and Formal Methods for the Verification of Analog Designs},
  year={2007},
  institution={Concordia University}
}

  @inProceedings{zakisymbolic,
  title={A Symbolic Approach for the Safety Verification of Continuous Systems},
  author={Zaki, M.H. and Tahar, S. and Bois, G.},
  booktitle={Proc. of the International Conference on Computational Sciences},
  year={2007},
  pages={93--100},
}

@inproceedings{Zeng2016,
 author = {Zeng, Xia and Lin, Wang and Yang, Zhengfeng and Chen, Xin and Wang, Lilei},
 title = {Darboux-type Barrier Certificates for Safety Verification of Nonlinear Hybrid Systems},
 booktitle = {Proceedings of the 13th International Conference on Embedded Software},
 year = {2016},
 pages = {11:1--11:10},
 articleno = {11},
 numpages = {10},
 publisher = {ACM},
} 

@inproceedings{KBD2017CAV,
   author = {Guy Katz and Clark Barrett and David Dill and Kyle Julian
	and Mykel Kochenderfer},
   title = {Reluplex: An Efficient {SMT} Solver for Verifying Deep Neural
	Networks},
   booktitle = {Proceedings of the 29th International Conference
	on Computer Aided Verification (CAV '17)},
   number = {1},
   pages = {97--117},
   publisher = {Springer},
   year = {2017},
}

@ARTICLE{WeimingXiang2017,
  author    = {Weiming Xiang and
               Hoang{-}Dung Tran and
               Taylor T. Johnson},
  journal={IEEE Transactions on Neural Networks and Learning Systems}, 
  title={Output Reachable Set Estimation and Verification for Multilayer Neural Networks}, 
  year={2018},
  volume={29},
  number={11},
  pages={5777-5783},
}

@InProceedings{Dutta2018,
author= {Dutta, Souradeep
and Jha, Susmit
and Sankaranarayanan, Sriram
and Tiwari, Ashish},
title= {Output Range Analysis for Deep Feedforward Neural Networks},
booktitle= {NASA Formal Methods},
year= {2018},
publisher= {Springer International Publishing},
pages= {121--138},
}

@inproceedings{Dutta2019HSCC,
 author = {Dutta, Souradeep and Chen, Xin and Jha, Susmit and Sankaranarayanan, Sriram and Tiwari, Ashish},
 title = {Sherlock - A Tool for Verification of Neural Network Feedback Systems: Demo Abstract},
 booktitle = {Proceedings of the 22Nd ACM International Conference on Hybrid Systems: Computation and Control},
 series = {HSCC '19},
 year = {2019},
 pages = {262--263},
 numpages = {2},
 publisher = {ACM},
}

@InProceedings{HuangXiaowei2016,
author = {Huang, Xiaowei
and Kwiatkowska, Marta
and Wang, Sen
and Wu, Min},
title= {Safety Verification of Deep Neural Networks},
booktitle= {Computer Aided Verification},
year= {2017},
publisher = {Springer International Publishing},
pages = {3--29},
}

@inproceedings{DBLPSouradeep19HSCC,
  author    = {Souradeep Dutta and
               Xin Chen and
               Sriram Sankaranarayanan},
  title     = {Reachability analysis for neural feedback systems using regressive
               polynomial rule inference},
  booktitle = {Proceedings of the 22nd {ACM} International Conference on Hybrid Systems:
               Computation and Control, {HSCC} },
  pages     = {157--168},
  year      = {2019},
}

@InProceedings{Platzer2008CAV,
author = {Platzer, Andr{\'e}
and Clarke, Edmund},
title= {Computing Differential Invariants of Hybrid Systems as Fixedpoints},
booktitle= {Computer Aided Verification},
year= {2008},
publisher = {Springer Berlin Heidelberg},
pages = {176--189},
}

@inproceedings{Sogokon2018FM,
  author    = {Sogokon, Andrew
 and Ghorbal, Khalil
 and Tan, Yong Kiam
 and Platzer, Andr{\'e}},
  title     = {Vector Barrier Certificates and Comparison Systems},
  booktitle = {Formal Methods},
  pages     = {418--437},
  year      = {2018},
}

@inproceedings{katz2017reluplex,
	title={Reluplex: An efficient SMT solver for verifying deep neural networks},
	author={Katz, Guy and Barrett, Clark and Dill, David L and Julian, Kyle and Kochenderfer, Mykel J},
	booktitle={International Conference on Computer Aided Verification},
	pages={97--117},
	year={2017},
	organization={Springer}
}


@inproceedings{WengZCSHDBD18,
	author    = {Tsui{-}Wei Weng and
	Huan Zhang and
	Hongge Chen and
	Zhao Song and
	Cho{-}Jui Hsieh and
	Luca Daniel and
	Duane S. Boning and
	Inderjit S. Dhillon},
	title     = {Towards Fast Computation of Certified Robustness for ReLU Networks},
	booktitle = {Proceedings of the 35th International Conference on Machine Learning,
	{ICML} 2018},
	pages     = {5273--5282},
	year      = {2018},
}

@inproceedings{IvanovWAPL19,
	author    = {Radoslav Ivanov and
	James Weimer and
	Rajeev Alur and
	George J. Pappas and
	Insup Lee},
	title     = {Verisig: verifying safety properties of hybrid systems with neural
	network controllers},
	booktitle = {Proceedings of the 22nd {ACM} International Conference on Hybrid Systems:
	Computation and Control, {HSCC} 2019.},
	pages     = {169--178},
	year      = {2019},
}

@inproceedings{ SunKS19,
	author    = {Xiaowu Sun and
	Haitham Khedr and
	Yasser Shoukry},
	title     = {Formal verification of neural network controlled autonomous systems},
	booktitle = {Proceedings of the 22nd {ACM} International Conference on Hybrid Systems:
	Computation and Control, {HSCC} 2019.},
	pages     = {147--156},
	year      = {2019},
}


@inproceedings{ Pulina2010CAV,
	author    = {Pulina, Luca
and Tacchella, Armando},
	title     = {An Abstraction-Refinement Approach to Verification of Artificial Neural Networks},
	booktitle = {Computer Aided Verification},
	pages     = {243--257},
	year      = {2010},
}

@inproceedings{BarryICRA2012,
  author    = {Barry, {Andrew J.} and Anirudha Majumdar and Russ Tedrake},
  title     = {Safety verification of reactive controllers for {UAV} flight in cluttered environments using barrier certificates},
  booktitle = {2012 IEEE International Conference on Robotics and Automation, ICRA 2012},
  pages     = {484--490},
  publisher = {Institute of Electrical and Electronics Engineers Inc.},
  year      = {2012},
}

@article{MOGGI201875,
   author = {Eugenio Moggi and Amin Farjudian and Adam Duracz and Walid Taha},
   title = {Safe & robust reachability analysis of hybrid systems},
   journal = {Theoretical Computer Science},
   publisher = {Springer Netherlands},
   pages = {75 - 99},
   volume = {747},
   year = {2018}
}

@article{Lafferriere2001,
author = {Lafferriere, Gerardo and Pappas, George and Yovine, Sergio},
year = {2001},
pages = {231-253},
title = {Symbolic Reachability Computation for Families of Linear Vector Fields},
volume = {32},
journal = {Journal of Symbolic Computation},
}

@inproceedings{BrockschmidtCKK17,
  author    = {Brockschmidt, Marc
and Chen, Yuxin
and Kohli, Pushmeet
and Krishna, Siddharth
and Tarlow, Daniel},
  title     = {Learning Shape Analysis},
  booktitle = {Static Analysis},
  pages     = {66--87},
  publisher = {Springer International Publishing},
  year      = {2017},
}
 

@inproceedings{ChenWAZKZ19,
  author    = {Chen, Mingshuai
and Wang, Jian
and An, Jie
and Zhan, Bohua
and Kapur, Deepak
and Zhan, Naijun},
  title     = {NIL: Learning Nonlinear Interpolants},
  booktitle = {Automated Deduction -- CADE 27},
  pages     = {178--196},
  publisher = {Springer International Publishing},
  year      = {2019},
}
 
 
@inproceedings{SGHALN13,
 author    = {Sharma, Rahul
and Gupta, Saurabh
and Hariharan, Bharath
and Aiken, Alex
and Liang, Percy
and Nori, Aditya V.},
  title     = {A Data Driven Approach for Algebraic Loop Invariants},
  booktitle = {Programming Languages and Systems},
  pages     = {574--592},
  publisher = {Springer Berlin Heidelberg},
  year      = {2013},
}
 
 @inproceedings{SharmaNA12,
 author    = {Sharma, Rahul
and Nori, Aditya V.
and Aiken, Alex.},
  title     = {Interpolants as Classifiers},
  booktitle = {Computer Aided Verification},
  pages     = {71--87},
  publisher = {Springer Berlin Heidelberg},
  year      = {2012},
}
 
 
 @article{szegedy2013intriguing,
	title={Intriguing properties of neural networks},
	author={Szegedy, Christian and Zaremba, Wojciech and Sutskever, Ilya and Bruna, Joan and Erhan, Dumitru and Goodfellow, Ian and Fergus, Rob},
	journal={arXiv preprint arXiv:1312.6199},
	year={2013}
}

@article{Vanderbei1998Linear,
	title={Linear Programming: Foundations and Extensions},
	author={Vanderbei, R J},
	journal={Journal of the Operational Research Society},
	volume={49},
	number={1},
	pages={94-94},
	year={1998},
}


@article{katz2017towards,
	title={Towards proving the adversarial robustness of deep neural networks},
	author={Katz, Guy and Barrett, Clark and Dill, David L and Julian, Kyle and Kochenderfer, Mykel J},
	journal={arXiv preprint arXiv:1709.02802},
	year={2017}
}

@article{goodfellow2014explaining,
	title={Explaining and harnessing adversarial examples},
	author={Goodfellow, Ian J and Shlens, Jonathon and Szegedy, Christian},
	journal={arXiv preprint arXiv:1412.6572},
	year={2014}
}



@inproceedings{moosavi2016deepfool,
	title={Deepfool: a simple and accurate method to fool deep neural networks},
	author={Moosavi-Dezfooli, Seyed-Mohsen and Fawzi, Alhussein and Frossard, Pascal},
	booktitle={Proceedings of the IEEE conference on computer vision and pattern recognition},
	pages={2574--2582},
	year={2016}
}


@inproceedings{huang2017safety,
	title={Safety verification of deep neural networks},
	author={Huang, Xiaowei and Kwiatkowska, Marta and Wang, Sen and Wu, Min},
	booktitle={International Conference on Computer Aided Verification},
	pages={3--29},
	year={2017},
	organization={Springer}
}


@inproceedings{krizhevsky2012imagenet,
	title={Imagenet classification with deep convolutional neural networks},
	author={Krizhevsky, Alex and Sutskever, Ilya and Hinton, Geoffrey E},
	booktitle={Advances in neural information processing systems},
	pages={1097--1105},
	year={2012}
}


@article{lecun1998mnist,
	title={The MNIST database of handwritten digits},
	author={LeCun, Yann},
	journal={http://yann. lecun. com/exdb/mnist/},
	year={1998}
}


@book{goodfellow2016deep,
	title={Deep learning},
	author={Goodfellow, Ian and Bengio, Yoshua and Courville, Aaron},
	year={2016},
	publisher={MIT press}
}

@article{riesenhuber1999hierarchical,
	title={Hierarchical models of object recognition in cortex},
	author={Riesenhuber, Maximilian and Poggio, Tomaso},
	journal={Nature neuroscience},
	volume={2},
	number={11},
	pages={1019},
	year={1999},
	publisher={Nature Publishing Group}
}


@Misc{pulp,
	howpublished = {\url{https://pythonhosted.org/PuLP/}},
}

@Misc{cardiotocography,
	howpublished = {\url{http://archive.ics.uci.edu/ml/datasets/Cardiotocography}},
}


@inproceedings{krizhevsky2012imagenet,
	title={Imagenet classification with deep convolutional neural networks},
	author={Krizhevsky, Alex and Sutskever, Ilya and Hinton, Geoffrey E},
	booktitle={Advances in neural information processing systems},
	pages={1097--1105},
	year={2012}
}


@inproceedings{graves2013speech,
	title={Speech recognition with deep recurrent neural networks},
	author={Graves, Alex and Mohamed, Abdel-rahman and Hinton, Geoffrey},
	booktitle={2013 IEEE international conference on acoustics, speech and signal processing},
	pages={6645--6649},
	year={2013},
	organization={IEEE}
}

@article{zhao2017deep,
	title={Deep reinforcement learning with visual attention for vehicle classification},
	author={Zhao, Dongbin and Chen, Yaran and Lv, Le},
	journal={IEEE Transactions on Cognitive and Developmental Systems},
	volume={9},
	number={4},
	pages={356--367},
	year={2017},
	publisher={IEEE}
}



@inproceedings{papernot2016limitations,
	title={The limitations of deep learning in adversarial settings},
	author={Papernot, Nicolas and McDaniel, Patrick and Jha, Somesh and Fredrikson, Matt and Celik, Z Berkay and Swami, Ananthram},
	booktitle={2016 IEEE European Symposium on Security and Privacy (EuroS\&P)},
	pages={372--387},
	year={2016},
	organization={IEEE}
}



@article{brendel2017decision,
	title={Decision-based adversarial attacks: Reliable attacks against black-box machine learning models},
	author={Brendel, Wieland and Rauber, Jonas and Bethge, Matthias},
	journal={arXiv preprint arXiv:1712.04248},
	year={2017}
}



@inproceedings{bastani2016measuring,
	title={Measuring neural net robustness with constraints},
	author={Bastani, Osbert and Ioannou, Yani and Lampropoulos, Leonidas and Vytiniotis, Dimitrios and Nori, Aditya and Criminisi, Antonio},
	booktitle={Advances in neural information processing systems},
	pages={2613--2621},
	year={2016}
}



@article{pulina2012challenging,
	title={Challenging SMT solvers to verify neural networks},
	author={Pulina, Luca and Tacchella, Armando},
	journal={Ai Communications},
	volume={25},
	number={2},
	pages={117--135},
	year={2012},
	publisher={IOS Press}
}

@inproceedings{pulina2010abstraction,
	title={An abstraction-refinement approach to verification of artificial neural networks},
	author={Pulina, Luca and Tacchella, Armando},
	booktitle={International Conference on Computer Aided Verification},
	pages={243--257},
	year={2010},
	organization={Springer}
}

@inproceedings{nair2010rectified,
	title={Rectified linear units improve restricted boltzmann machines},
	author={Nair, Vinod and Hinton, Geoffrey E},
	booktitle={Proceedings of the 27th international conference on machine learning (ICML-10)},
	pages={807--814},
	year={2010}
}


@book{dantzig2016linear,
	title={Linear programming and extensions},
	author={Dantzig, George},
	year={2016},
	publisher={Princeton university press}
}


@inproceedings{julian2016policy,
	title={Policy compression for aircraft collision avoidance systems},
	author={Julian, Kyle D and Lopez, Jessica and Brush, Jeffrey S and Owen, Michael P and Kochenderfer, Mykel J},
	booktitle={2016 IEEE/AIAA 35th Digital Avionics Systems Conference (DASC)},
	pages={1--10},
	year={2016},
	organization={IEEE}
}

@Misc{intentflags,
	howpublished = {\url{https://developer.android.com/reference/android/content/Intent#flags}},
}


@Misc{cs231n,
	howpublished = {\url{http://cs231n.github.io/neural-networks-1/#actfun}},
}

@Misc{leakyreluplex,
	howpublished = {\url{https://github.com/Lzsxx/Leaky-Reluplex}},
}

@Misc{convreluplex,
	howpublished = {\url{https://github.com/Lzsxx/Conv-Reluplex}},
}


@Misc{cnndefinition,
	howpublished = {\url{http://ufldl.stanford.edu/tutorial/supervised/ConvolutionalNeuralNetwork/}},
}


@article{madry2017towards,
	title={Towards deep learning models resistant to adversarial attacks},
	author={Madry, Aleksander and Makelov, Aleksandar and Schmidt, Ludwig and Tsipras, Dimitris and Vladu, Adrian},
	journal={arXiv preprint arXiv:1706.06083},
	year={2017}
}


@article{tramer2017ensemble,
	title={Ensemble adversarial training: Attacks and defenses},
	author={Tram{\`e}r, Florian and Kurakin, Alexey and Papernot, Nicolas and Goodfellow, Ian and Boneh, Dan and McDaniel, Patrick},
	journal={arXiv preprint arXiv:1705.07204},
	year={2017}
}



@article{pfahringer2017conjunctive,
	title={Conjunctive normal form},
	author={Pfahringer, Bernhard},
	journal={Encyclopedia of Machine Learning and Data Mining},
	pages={260--261},
	year={2017},
	publisher={Springer}
}

@inproceedings{deters2014tour,
	title={A tour of CVC4: how it works, and how to use it},
	author={Deters, Morgan and Reynolds, Andrew and King, Tim and Barrett, Clark and Tinelli, Cesare},
	booktitle={2014 Formal Methods in Computer-Aided Design (FMCAD)},
	pages={7--7},
	year={2014},
	organization={IEEE}
}


@inproceedings{bozzano2005incremental,
	title={An incremental and layered procedure for the satisfiability of linear arithmetic logic},
	author={Bozzano, Marco and Bruttomesso, Roberto and Cimatti, Alessandro and Junttila, Tommi and Van Rossum, Peter and Schulz, Stephan and Sebastiani, Roberto},
	booktitle={International Conference on Tools and Algorithms for the Construction and Analysis of Systems},
	pages={317--333},
	year={2005},
	organization={Springer}
}



@inproceedings{de2008z3,
	title={Z3: An efficient SMT solver},
	author={De Moura, Leonardo and Bj{\o}rner, Nikolaj},
	booktitle={International conference on Tools and Algorithms for the Construction and Analysis of Systems},
	pages={337--340},
	year={2008},
	organization={Springer}
}



@article{narayan1997generalized,
	title={The generalized sigmoid activation function: competitive supervised learning},
	author={Narayan, Sridhar},
	journal={Information sciences},
	volume={99},
	number={1-2},
	pages={69--82},
	year={1997},
	publisher={Elsevier}
}

@inproceedings{marra2006tanh,
	title={Tanh-like activation function implementation for high-performance digital neural systems},
	author={Marra, S and Iachino, MA and Morabito, FC},
	booktitle={2006 Ph. D. Research in Microelectronics and Electronics},
	pages={237--240},
	year={2006},
	organization={IEEE}
}

@article{cui2018modern,
	title={Modern practical convolutional neural networks for multivariate regression: Applications to NIR calibration},
	author={Cui, Chenhao and Fearn, Tom},
	journal={Chemometrics and Intelligent Laboratory Systems},
	volume={182},
	pages={9--20},
	year={2018},
	publisher={Elsevier}
}

@article{schlimbach2018investigating,
	title={Investigating scale in Receptive Fields Neural Networks},
	author={Schlimbach, Robert Jan},
	year={2018}
}

@article{EzudheenND0M18,
	author    = {P. Ezudheen and
	Daniel Neider and
	Deepak D'Souza and
	Pranav Garg and
	P. Madhusudan},
	title     = {Horn-ICE learning for synthesizing invariants and contracts},
	journal   = {{PACMPL}},
	volume    = {2},
	number    = {{OOPSLA}},
	pages     = {131:1--131:25},
	year      = {2018},
	url       = {https://doi.org/10.1145/3276501},
	doi       = {10.1145/3276501},
	timestamp = {Wed, 21 Nov 2018 12:44:28 +0100},
	biburl    = {https://dblp.org/rec/bib/journals/pacmpl/EzudheenND0M18},
	bibsource = {dblp computer science bibliography, https://dblp.org}
}

@proceedings{DBLP:conf/hybrid/2019,
	editor    = {Necmiye Ozay and
	Pavithra Prabhakar},
	title     = {Proceedings of the 22nd {ACM} International Conference on Hybrid Systems:
	Computation and Control, {HSCC} 2019, Montreal, QC, Canada, April
	16-18, 2019},
	publisher = {{ACM}},
	year      = {2019},
	url       = {https://dl.acm.org/citation.cfm?id=3302504},
	isbn      = {978-1-4503-6282-5},
	timestamp = {Sun, 07 Apr 2019 17:45:27 +0200},
	biburl    = {https://dblp.org/rec/bib/conf/hybrid/2019},
	bibsource = {dblp computer science bibliography, https://dblp.org}
}

@proceedings{DBLP:conf/hybrid/2019,
	editor    = {Necmiye Ozay and
	Pavithra Prabhakar},
	title     = {Proceedings of the 22nd {ACM} International Conference on Hybrid Systems:
	Computation and Control, {HSCC} 2019, Montreal, QC, Canada, April
	16-18, 2019},
	publisher = {{ACM}},
	year      = {2019},
	url       = {https://dl.acm.org/citation.cfm?id=3302504},
	isbn      = {978-1-4503-6282-5},
	timestamp = {Sun, 07 Apr 2019 17:45:27 +0200},
	biburl    = {https://dblp.org/rec/bib/conf/hybrid/2019},
	bibsource = {dblp computer science bibliography, https://dblp.org}
}


@inproceedings{HengjunZhaoFM2015,
  author    = {Jiang Liu and
               Naijun Zhan and
               Hengjun Zhao and
               Liang Zou},
  title     = {Abstraction of Elementary Hybrid Systems by Variable Transformation},
  booktitle = {{FM} 2015: Formal Methods - 20th International Symposium, Oslo, Norway,
               June 24-26, 2015, Proceedings},
  pages     = {360--377},
  publisher = {Springer},
  year      = {2015},
}

@incollection{Collins75,
    year={1975},
    booktitle={Automata Theory and Formal Languages},
    volume={33},
    series={LNCS},
    editor={Brakhage, H.},
    title={Quantifier elimination for real closed fields by cylindrical algebraic decompostion},
    publisher={Springer Berlin Heidelberg},
    author={Collins, George E.},
    pages={134-183}
}

@article{DH88,
    author = {Davenport, James H. and Heintz, Joos},
    title = {Real quantifier elimination is doubly exponential},
    journal = {J. Symb. Comput.},
    volume = {5},
    number = {1-2},
    month = feb,
    year = {1988},
    pages = {29-35}
}

@INPROCEEDINGS {Yalmip,
    author  = { Johan L\"ofberg },
    title = { {YALMIP} : A Toolbox for Modeling and Optimization in {MATLAB} },
    booktitle = { Proc. of the CACSD Conference },
    year = {2004},
    note = {\url{http://users.isy.liu.se/johanl/yalmip/}},
    address = {Taipei, Taiwan}
}

@manual{Redlog,
    author        = "A. Dolzmann and A. Seidl and T. Sturm",
    title         = "Redlog User Manual",
    edition			= "Edition 3.1, for Redlog Version 3.06 (Reduce 3.8)",
    note           = "\url{http://redlog.dolzmann.de/downloads/}",
    month         = nov,
    year          = "2006"
}

@InProceedings{Xue19ICFEM,
  author="Xue, Bai
            and Fr{\"a}nzle, Martin
            and Zhao, Hengjun
            and Zhan, Naijun
            and Easwaran, Arvind",
  title="Probably Approximate Safety Verification of Hybrid Dynamical Systems",
  booktitle="Formal Methods and Software Engineering",
  year="2019",
  publisher="Springer International Publishing",
  pages="236--252"
}

@InProceedings{Chenlq19SAS,
author="Li, Jianlin
and Liu, Jiangchao
and Yang, Pengfei
and Chen, Liqian
and Huang, Xiaowei
and Zhang, Lijun",
title="Analyzing Deep Neural Networks with Symbolic Propagation: Towards Higher Precision and Faster Verification",
booktitle="Static Analysis",
year="2019",
publisher="Springer International Publishing",
pages="296--319"
}

@InProceedings{LY19ICFEM,
author="Li, Yi
and Sun, Xuechao
and Li, Yong
and Turrini, Andrea
and Zhang, Lijun",
title="Synthesizing Nested Ranking Functions for Loop Programs via SVM",
booktitle="Formal Methods and Software Engineering",
year="2019",
publisher="Springer International Publishing",
pages="438--454"
}

@InProceedings{SESHIA19,
author="Dreossi, Tommaso
and Fremont, Daniel J.
and Ghosh, Shromona
and Kim, Edward
and Ravanbakhsh, Hadi
and Vazquez-Chanlatte, Marcell
and Seshia, Sanjit A.",
title="{VerifAI}: A Toolkit for the Formal Design and Analysis of Artificial Intelligence-Based Systems",
booktitle="Computer Aided Verification",
year="2019",
publisher="Springer International Publishing",
pages="432--442"
}

@article{LESHNO1993861,
title = "Multilayer feedforward networks with a nonpolynomial activation function can approximate any function",
journal = "Neural Networks",
volume = "6",
number = "6",
pages = "861 - 867",
year = "1993",
author = "Moshe Leshno and Vladimir Ya. Lin and Allan Pinkus and Shimon Schocken",
}

@inproceedings{LuPWH017,
  author    = {Zhou Lu and
               Hongming Pu and
               Feicheng Wang and
               Zhiqiang Hu and
               Liwei Wang},
  title     = {The Expressive Power of Neural Networks: {A} View from the Width},
  booktitle = {Advances in Neural Information Processing Systems 30: Annual Conference
               on Neural Information Processing Systems 2017, 4-9 December 2017,
               Long Beach, CA, {USA}},
  pages     = {6231--6239},
  year      = {2017}
}

@article{Frehse08,
    author = {Frehse, Goran},
    title = {{PHAV}er: algorithmic verification of hybrid systems past {H}y{T}ech},
    journal = {Int. J. Softw. Tools Technol. Transf.},
    volume = {10},
    number = {3},
    month = may,
    year = {2008},
    pages = {263-279},
    publisher = {Springer Berlin Heidelberg}
}

@incollection{spaceex,
    year={2011},
    booktitle={CAV 2011},
    volume={6806},
    series={LNCS},
    editor={Gopalakrishnan, Ganesh and Qadeer, Shaz},
    title={{SpaceEx}: Scalable Verification of Hybrid Systems},
    publisher={Springer Berlin Heidelberg},
    author={Frehse, Goran and Guernic, Colas and Donz\'e, Alexandre and Cotton, Scott and Ray, Rajarshi and Lebeltel, Olivier and Ripado, Rodolfo and Girard, Antoine and Dang, Thao and Maler, Oded},
    pages={379-395}
}

@incollection{MT00,
    year={2000},
    booktitle={HSCC 2000},
    volume={1790},
    series={LNCS},
    editor={Lynch, Nancy and Krogh, Bruce H.},
    title={Level Set Methods for Computation in Hybrid Systems},
    publisher={Springer Berlin Heidelberg},
    author={Mitchell, Ian and Tomlin, Claire J.},
    pages={310-323}
}

@inproceedings{CAS12,
    author = {Xin Chen and Erika {\'A}brah{\'a}m and Sriram Sankaranarayanan},
    title = {Taylor Model Flowpipe Construction for Non-linear Hybrid Systems},
    booktitle ={RTSS 2012},
    year = {2012},
    pages = {183-192},
    publisher = {IEEE Computer Society},
    address = {Los Alamitos, CA, USA}
}

@ARTICLE{XUE19TAC,
author={Xue, Bai
            and Fr{\"a}nzle, Martin
            and Zhan, Naijun},
journal={IEEE Transactions on Automatic Control},
title={Inner-Approximating Reachable Sets for Polynomial Systems with Time-Varying Uncertainties},
year={2019},
volume={},
number={},
pages={1-1},
}

@InProceedings{GAN15ATVA,
author="Gan, Ting
and Chen, Mingshuai
and Dai, Liyun
and Xia, Bican
and Zhan, Naijun",
title="Decidability of the Reachability for a Family of Linear Vector Fields",
booktitle="Automated Technology for Verification and Analysis",
year="2015",
publisher="Springer International Publishing",
pages="482--499"
}

@inproceedings{LPY99,
    author={Lafferriere, Gerardo and Pappas, George J. and Yovine, Sergio},
    title={A New Class of Decidable Hybrid Systems},
    booktitle={HSCC 1999},
    editor={Vaandrager, Frits W. and Schuppen, Jan H.},
    volume={1569},
    series={LNCS},
    pages= "137-151",
    year={1999},
    publisher={Springer Berlin Heidelberg}
}

@incollection{MS98,
    year={1998},
    booktitle={HSCC 1998},
    volume={1386},
    series={LNCS},
    editor={Henzinger, ThomasA. and Sastry, Shankar},
    title={Deductive verification of hybrid systems using {STeP}},
    publisher={Springer Berlin Heidelberg},
    author={Manna, Zohar and Sipma, Henny B.},
    pages={305-318}
}

@article{Platzer10,
    author = {Platzer, Andr{\'e}},
    title = {Differential-algebraic Dynamic Logic for Differential-algebraic Programs},
    journal = {J. Log. and Comput.},
    volume = {20},
    number = {1},
    month = feb,
    year = {2010},
    pages = {309-352},
    publisher = {Oxford University Press},
    address = {Oxford, UK},
}

@incollection{LLQZ10,
    year={2010},
    booktitle={APLAS 2010},
    volume={6461},
    series={LNCS},
    editor={Ueda, Kazunori},
    title={A Calculus for Hybrid {CSP}},
    publisher={Springer Berlin Heidelberg},
    author={Liu, Jiang and Lv, Jidong and Quan, Zhao and Zhan, Naijun and Zhao,
            Hengjun and Zhou, Chaochen and Zou, Liang},
    pages={1-15}
}

@incollection{PC08,
    year={2008},
    booktitle={CAV 2008},
    volume={5123},
    series={LNCS},
    editor={Gupta, Aarti and Malik, Sharad},
    title={Computing Differential Invariants of Hybrid Systems as Fixedpoints},
    publisher={Springer Berlin Heidelberg},
    author={Platzer, Andr\'{e} and Clarke, Edmund M.},
    pages={176-189}
}

@inproceedings{LZZ11,
    author = {Liu, Jiang and Zhan, Naijun and Zhao, Hengjun},
    title = {Computing semi-algebraic invariants for polynomial dynamical systems},
    booktitle = {EMSOFT 2011},
    year = {2011},
    pages = {97-106},
    publisher = {ACM},
    address = {New York, NY, USA}
}

@article{Hoare69,
    author = {Hoare, C. A. R.},
    title = {An axiomatic basis for computer programming},
    journal = {Commun. ACM},
    volume = {12},
    number = {10},
    month = oct,
    year = {1969},
    pages = {576-580},
    publisher = {ACM},
    address = {New York, NY, USA}
}

@ARTICLE{GAN18TAC,
author={Ting {Gan} and Mingshuai {Chen} and Y. {Li} and Bican {Xia} and Naijun {Zhan}},
journal={IEEE Transactions on Automatic Control},
title={Reachability Analysis for Solvable Dynamical Systems},
year={2018},
volume={63},
number={7},
pages={2003-2018}
}

%% added 2020-07-17

@inproceedings{Tuncali2018INVITEDRA,
  title={INVITED: Reasoning about Safety of Learning-Enabled Components in Autonomous Cyber-physical Systems},
  author={Cumhur Erkan Tuncali and James Kapinski and Hisahiro Ito and Jyotirmoy V. Deshmukh},
  booktitle={2018 55th ACM/ESDA/IEEE Design Automation Conference (DAC)},
  year={2018},
  pages={1-6}
}

@inproceedings{Deshmukh2019LearningDN,
  title={Learning Deep Neural Network Controllers for Dynamical Systems with Safety Guarantees: Invited Paper},
  author={Jyotirmoy V. Deshmukh and James Kapinski and Tomoya Yamaguchi and Danil Prokhorov},
  booktitle={2019 IEEE/ACM International Conference on Computer-Aided Design (ICCAD)},
  year={2019},
  pages={1-7}
}

@incollection{GAO-NIPS2019,
title = {Neural {L}yapunov Control},
author = {Chang, Ya-Chien and Roohi, Nima and Gao, Sicun},
booktitle = {Advances in Neural Information Processing Systems 32},
pages = {3245--3254},
year = {2019},
publisher = {Curran Associates, Inc.}
}

@inproceedings{PLDI2019HZhu,
author = {Zhu, He and Xiong, Zikang and Magill, Stephen and Jagannathan, Suresh},
title = {An Inductive Synthesis Framework for Verifiable Reinforcement Learning},
year = {2019},
publisher = {Association for Computing Machinery},
address = {New York, NY, USA},
booktitle = {Proceedings of the 40th ACM SIGPLAN Conference on Programming Language Design and Implementation},
pages = {686-701},
numpages = {16},
location = {Phoenix, AZ, USA},
series = {PLDI 2019}
}

@inproceedings{PappasHSCC20,
  author    = {Radoslav Ivanov and Taylor J. Carpenter and James Weimer and Rajeev Alur and George J. Pappas and Insup Lee},
  title     = {Case study: verifying the safety of an autonomous racing car with a neural network controller},
  booktitle = {{HSCC} '20: 23rd {ACM} International Conference on Hybrid Systems:
               Computation and Control, Sydney, New South Wales, Australia, April
               21-24, 2020},
  pages     = {28:1--28:7},
  publisher = {{ACM}},
  year      = {2020}
}

@inproceedings{DeepM-DRL,
  author    = {Timothy P. Lillicrap and
               Jonathan J. Hunt and
               Alexander Pritzel and
               Nicolas Heess and
               Tom Erez and
               Yuval Tassa and
               David Silver and
               Daan Wierstra},
  title     = {Continuous control with deep reinforcement learning},
  booktitle = {4th International Conference on Learning Representations, {ICLR} 2016,
               San Juan, Puerto Rico, May 2-4, 2016, Conference Track Proceedings},
  year      = {2016}
}

@inproceedings{OpenAI-DRL,
  author    = {Yan Duan and
               Xi Chen and
               Rein Houthooft and
               John Schulman and
               Pieter Abbeel},
  title     = {Benchmarking Deep Reinforcement Learning for Continuous Control},
  booktitle = {Proceedings of the 33nd International Conference on Machine Learning,
               {ICML} 2016, New York City, NY, USA, June 19-24, 2016},
  series    = {{JMLR} Workshop and Conference Proceedings},
  volume    = {48},
  pages     = {1329--1338},
  publisher = {JMLR.org},
  year      = {2016}
}
  
@book{NNforControl,
author = {Poznyak, Alex and EN, Sanchez and Yu, Wen},
title = {Differential Neural Networks for Robust Nonlinear Control},
publisher = {World Scientific},
year      = {2001}
}

@inproceedings{NNV-CAV20,
author="Tran, Hoang-Dung
and Yang, Xiaodong
and Manzanas Lopez, Diego
and Musau, Patrick
and Nguyen, Luan Viet
and Xiang, Weiming
and Bak, Stanley
and Johnson, Taylor T.",
title="{NNV}: The Neural Network Verification Tool for Deep Neural Networks and Learning-Enabled Cyber-Physical Systems",
booktitle="Computer Aided Verification",
year="2020",
publisher="Springer International Publishing",
pages="3--17"
}

@misc{taylor2019learning,
    title={Learning for Safety-Critical Control with Control Barrier Functions},
    author={Andrew Taylor and Andrew Singletary and Yisong Yue and Aaron Ames},
    year={2019},
    howpublished={\url{https://arxiv.org/abs/1912.10099}}
}

@misc{choi2020reinforcement,
    title={Reinforcement Learning for Safety-Critical Control under Model Uncertainty, using Control {L}yapunov Functions and Control Barrier Functions},
    author={Jason Choi and Fernando Castañeda and Claire J. Tomlin and Koushil Sreenath},
    year={2020},
    howpublished={\url{https://arxiv.org/abs/2004.07584}}
}

@inproceedings{End-to-end19,
  author    = {Richard Cheng and
               G{\'{a}}bor Orosz and
               Richard M. Murray and
               Joel W. Burdick},
  title     = {End-to-End Safe Reinforcement Learning through Barrier Functions for
               Safety-Critical Continuous Control Tasks},
  booktitle = {The Thirty-Third {AAAI} Conference on Artificial Intelligence, {AAAI}
               2019, Honolulu, Hawaii,
               USA, January 27 - February 1, 2019},
  pages     = {3387--3395},
  publisher = {{AAAI} Press},
  year      = {2019}
}

@misc{jordan2020exactly,
    title={Exactly Computing the Local {L}ipschitz Constant of {ReLU} Networks},
    author={Matt Jordan and Alexandros G. Dimakis},
    year={2020},
    howpublished = {\url{https://arxiv.org/abs/2003.01219}},
}

@misc{saferl-openai,
title={Benchmarking Safe Exploration in Deep Reinforcement Learning},
author={Alex Ray and Joshua Achiam and Dario Amodei},
howpublished = {\url{https://cdn.openai.com/safexp-short.pdf}},
year={2019}
}

@ARTICLE{Ratschan18-tac,
  author={Stefan {Ratschan}},
  journal={IEEE Transactions on Automatic Control}, 
  title={Converse Theorems for Safety and Barrier Certificates}, 
  year={2018},
  volume={63},
  number={8},
  pages={2628-2632}
}

@misc{lya-nn-2018,
  author    = {Spencer M. Richards and
               Felix Berkenkamp and
               Andreas Krause},
  title     = {The {L}yapunov Neural Network: Adaptive Stability Certification for
               Safe Learning of Dynamic Systems},
  howpublished = {\url{http://arxiv.org/abs/1808.00924}},
  year         = {2018}
}

@inproceedings{Berkenkamp17-nips,
author = {Berkenkamp, Felix and Turchetta, Matteo and Schoellig, Angela P. and Krause, Andreas},
title = {Safe Model-Based Reinforcement Learning with Stability Guarantees},
year = {2017},
isbn = {9781510860964},
publisher = {Curran Associates Inc.},
address = {Red Hook, NY, USA},
booktitle = {Proceedings of the 31st International Conference on Neural Information Processing Systems},
pages = {908--919},
numpages = {12},
location = {Long Beach, California, USA},
series = {NIPS’17}
}

@misc{yaghoubi2020training,
    title={Training Neural Network Controllers Using Control Barrier Functions in the Presence of Disturbances},
    author={Shakiba Yaghoubi and Georgios Fainekos and Sriram Sankaranarayanan},
    year={2020},
    howpublished ={\url{https://arxiv.org/abs/2001.08088}}
}

@article{DUTTA2018151,
title = "Learning and Verification of Feedback Control Systems using Feedforward Neural Networks",
journal = "IFAC-PapersOnLine",
volume = "51",
number = "16",
pages = "151 - 156",
year = "2018",
note = "6th IFAC Conference on Analysis and Design of Hybrid Systems ADHS 2018",
issn = "2405-8963",
author = "Souradeep Dutta and Susmit Jha and Sriram Sankaranarayanan and Ashish Tiwari"
}

@book{dl-ian,
  title={Deep Learning},
  author={Ian Goodfellow and Yoshua Bengio and Aaron Courville},
  year={2016},
  publisher={The MIT Press}
}

@book{linear-system-2,
  title={Linear Systems Theory},
  edition={second},
  author={Jo{\~{a}}o P. Hespanha},
  year={2018},
  publisher={Princeton University Press}
}

@INPROCEEDINGS{CBF19,
  author={Aaron D. Ames and Samuel Coogan and Magnus Egerstedt and Gennaro Notomista and Koushil Sreenath and Paulo Tabuada},
  booktitle={2019 18th European Control Conference (ECC)}, 
  title={Control Barrier Functions: Theory and Applications}, 
  year={2019},
  volume={},
  number={},
  pages={3420-3431}
}

@inproceedings{ahmadi2019barrier,
  title={Barrier certificates for assured machine teaching},
  author={Ahmadi, Mohamadreza and Wu, Bo and Chen, Yuxin and Yue, Yisong and Topcu, Ufuk},
  booktitle={2019 American Control Conference (ACC)},
  pages={3658--3663},
  year={2019},
  organization={IEEE}
}

@inproceedings{ahmadi2019safe,
  title={Safe policy synthesis in multi-agent {POMDP}s via discrete-time barrier functions},
  author={Ahmadi, Mohamadreza and Singletary, Andrew and Burdick, Joel W and Ames, Aaron D.},
  booktitle={2019 IEEE 58th Conference on Decision and Control (CDC)},
  pages={4797--4803},
  year={2019},
  organization={IEEE}
}

@article{ahmadi2020barrier,
  title={Barrier functions for multiagent-pomdps with dtl specifications},
  author={Ahmadi, Mohamadreza and Singletary, Andrew and Burdick, Joel W and Ames, Aaron D.},
  journal={arXiv preprint arXiv:2003.09267},
  year={2020}
}

@INPROCEEDINGS{Episodic19,
  author={Andrew J. Taylor and Victor D. Dorobantu and Hoang M. Le and Yisong Yue and Aaron D. Ames},
  booktitle={2019 IEEE/RSJ International Conference on Intelligent Robots and Systems (IROS)}, 
  title={Episodic Learning with Control {L}yapunov Functions for Uncertain Robotic Systems}, 
  year={2019},
  pages={6878-6884}}

@article{lya-sriram-19,
  author          = {Ravanbakhsh, Hadi and Sankaranarayanan, Sriram},
  title           = {Learning control {L}yapunov functions from counterexamples and demonstrations},
  journal         = {Autonomous Robots},
  volume          = {43},
  number          = {2},
  year            = {2019},
  pages           = {275--307}
}

@misc{mittal2020neural,
    title={Neural {L}yapunov Model Predictive Control},
    author={Mayank Mittal and Marco Gallieri and Alessio Quaglino and Seyed Sina Mirrazavi Salehian and Jan Koutník},
    year={2020},
    howpublished = {\url{https://arxiv.org/abs/2002.10451}}
}

@inproceedings{FultonP18,
  author    = {Nathan Fulton and
               Andr{\'{e}} Platzer},
  title     = {Safe Reinforcement Learning via Formal Methods: Toward Safe Control
               Through Proof and Learning},
  booktitle = {Proceedings of the Thirty-Second {AAAI} Conference on Artificial Intelligence,
               (AAAI-18), New Orleans, Louisiana, USA, February
               2-7, 2018},
  pages     = {6485--6492},
  publisher = {{AAAI} Press},
  year      = {2018}
}

@misc{manek2020learning,
    title={Learning Stable Deep Dynamics Models},
    author={Gaurav Manek and J. Zico Kolter},
    year={2020},
    howpublished={\url{https://arxiv.org/abs/2001.06116}}
}

@InProceedings{setta20,
author="Zhao, Hengjun
and Zeng, Xia
and Chen, Taolue
and Liu, Zhiming
and Woodcock, Jim",
title="Learning Safe Neural Network Controllers with Barrier Certificates",
booktitle="Dependable Software Engineering. Theories, Tools, and Applications",
year="2020",
publisher="Springer International Publishing",
address="Cham",
pages="177--185"
}

@ARTICLE{She-TAC20,
  author={Zhikun She and Meilun Li},
  journal={IEEE Transactions on Automatic Control}, 
  title={Over- and Under-Approximations of Reachable Sets with Series Representations of Evolution Functions}, 
  year={2020}
}

@article{She-SIAM10,
author = {Ratschan, Stefan and She, Zhikun},
title = {Providing a Basin of Attraction to a Target Region of Polynomial Systems by Computation of {L}yapunov-Like Functions},
journal = {SIAM Journal on Control and Optimization},
volume = {48},
number = {7},
pages = {4377-4394},
year = {2010}
}

@article{She-TECS07,
author = {Ratschan, Stefan and She, Zhikun},
title = {Safety Verification of Hybrid Systems by Constraint Propagation-Based Abstraction Refinement},
year = {2007},
volume = {6},
number = {1},
journal = {ACM Trans. Embed. Comput. Syst.},
pages = {1-23}
}

@ARTICLE{WS16,  
author={Rafael Wisniewski and Christoffer Sloth},
journal={IEEE Transactions on Automatic Control},   
title={Converse Barrier Certificate Theorems},   
year={2016},  
volume={61},  
number={5},  
pages={1356-1361}}

@inproceedings{Rational-Relu-17,
author = {Telgarsky, Matus},
title = {Neural Networks and Rational Functions},
year = {2017},
publisher = {JMLR.org},
booktitle = {Proceedings of the 34th International Conference on Machine Learning - Volume 70},
pages = {3387–3393},
numpages = {7},
location = {Sydney, NSW, Australia},
series = {ICML'17}
}

@inproceedings{Vu17,
author = {Nguyen, ThanhVu and Antonopoulos, Timos and Ruef, Andrew and Hicks, Michael},
title = {Counterexample-Guided Approach to Finding Numerical Invariants},
year = {2017},
publisher = {Association for Computing Machinery},
address = {New York, NY, USA},
booktitle = {Proceedings of the 2017 11th Joint Meeting on Foundations of Software Engineering},
pages = {605–615},
series = {ESEC/FSE 2017}
}

@misc{NN-barrier-CEGIS20,
  author       = {Andrea Peruffo and Daniele Ahmed and Alessandro Abate},
  title        = {Automated and Formal Synthesis of Neural Barrier Certificates for Dynamical Models},
  howpublished = {\url{https://arxiv.org/abs/2007.03251}},
  year         = {2020}
}

