@inproceedings{LuLWLJ12,
	author       = {Long Lu and
	Zhichun Li and
	Zhenyu Wu and
	Wenke Lee and
	Guofei Jiang},
	editor       = {Ting Yu and
	George Danezis and
	Virgil D. Gligor},
	title        = {{CHEX:} statically vetting Android apps for component hijacking vulnerabilities},
	booktitle    = {the {ACM} Conference on Computer and Communications Security, CCS'12,
	Raleigh, NC, USA, October 16-18, 2012},
	pages        = {229--240},
	publisher    = {{ACM}},
	year         = {2012},
	url          = {https://doi.org/10.1145/2382196.2382223},
	doi          = {10.1145/2382196.2382223},
	timestamp    = {Tue, 12 Apr 2022 13:28:49 +0200},
	biburl       = {https://dblp.org/rec/conf/ccs/LuLWLJ12.bib},
	bibsource    = {dblp computer science bibliography, https://dblp.org}
}

@inproceedings{OcteauMJBBKT13,
	author       = {Damien Octeau and
	Patrick D. McDaniel and
	Somesh Jha and
	Alexandre Bartel and
	Eric Bodden and
	Jacques Klein and
	Yves Le Traon},
	editor       = {Samuel T. King},
	title        = {Effective Inter-Component Communication Mapping in Android: An Essential
	Step Towards Holistic Security Analysis},
	booktitle    = {Proceedings of the 22th {USENIX} Security Symposium, Washington, DC,
	USA, August 14-16, 2013},
	pages        = {543--558},
	publisher    = {{USENIX} Association},
	year         = {2013},
	url          = {https://www.usenix.org/conference/usenixsecurity13/technical-sessions/presentation/octeau},
	timestamp    = {Mon, 01 Feb 2021 08:43:14 +0100},
	biburl       = {https://dblp.org/rec/conf/uss/OcteauMJBBKT13.bib},
	bibsource    = {dblp computer science bibliography, https://dblp.org}
}

@article{LiBPRBOKT17,
	author       = {Li Li and
	Tegawend{\'{e}} F. Bissyand{\'{e}} and
	Mike Papadakis and
	Siegfried Rasthofer and
	Alexandre Bartel and
	Damien Octeau and
	Jacques Klein and
	Yves Le Traon},
	title        = {Static analysis of android apps: {A} systematic literature review},
	journal      = {Inf. Softw. Technol.},
	volume       = {88},
	pages        = {67--95},
	year         = {2017},
	url          = {https://doi.org/10.1016/j.infsof.2017.04.001},
	doi          = {10.1016/j.infsof.2017.04.001}
}

@inproceedings{OcteauLDJM15,
	author       = {Damien Octeau and
	Daniel Luchaup and
	Matthew L. Dering and
	Somesh Jha and
	Patrick D. McDaniel},
	editor       = {Antonia Bertolino and
	Gerardo Canfora and
	Sebastian G. Elbaum},
	title        = {Composite Constant Propagation: Application to Android Inter-Component
	Communication Analysis},
	booktitle    = {37th {IEEE/ACM} International Conference on Software Engineering,
	{ICSE} 2015, Florence, Italy, May 16-24, 2015, Volume 1},
	pages        = {77--88},
	publisher    = {{IEEE} Computer Society},
	year         = {2015},
	url          = {https://doi.org/10.1109/ICSE.2015.30},
	doi          = {10.1109/ICSE.2015.30},
	timestamp    = {Thu, 23 Mar 2023 23:58:11 +0100},
	biburl       = {https://dblp.org/rec/conf/icse/OcteauLDJM15.bib},
	bibsource    = {dblp computer science bibliography, https://dblp.org}
}

@electronic{ICCBot_github,
	author = {Jiwei Yan and ShiXin Zhang and YePang Liu and Jun Yan and Jian Zhang},
	title = {ICCBot},
	year = {2021},
	url = {https://github.com/hanada31/ICCBot},
	urldate = {}
}

@inproceedings{ICCBot_paper,
  author    = {Jiwei Yan and
               Shixin Zhang and
               Yepang Liu and
               Jun Yan and
               Jian Zhang},
  title     = {ICCBot: Fragment-Aware and Context-Sensitive {ICC} Resolution for
               Android Applications},
  booktitle = {44th 2022 {IEEE/ACM} International Conference on Software Engineering:
               Companion Proceedings, {ICSE} Companion 2022, Pittsburgh, PA, USA,
               May 22-24, 2022},
  pages     = {105--109},
  publisher = {{IEEE}},
  year      = {2022},
}

@article{ICCBot_arxiv,
  author    = {Jiwei Yan and
               Shixin Zhang and
               Yepang Liu and
               Jun Yan and
               Jian Zhang},
  title     = {Towards Practical Evaluation of Android {ICC} Resolution Techniques},
  journal   = {CoRR},
  volume    = {abs/2111.05649},
  year      = {2021},
  url       = {https://arxiv.org/abs/2111.05649},
  eprinttype = {arXiv},
  eprint    = {2111.05649},
 }


@proceedings{DBLP:conf/cav/2014,
	editor    = {Armin Biere and
	Roderick Bloem},
	title     = {Computer Aided Verification - 26th International Conference, {CAV}
	2014, Held as Part of the Vienna Summer of Logic, {VSL} 2014, Vienna,
	Austria, July 18-22, 2014. Proceedings},
	series    = {Lecture Notes in Computer Science},
	volume    = {8559},
	publisher = {Springer},
	year      = {2014},
	url       = {https://doi.org/10.1007/978-3-319-08867-9},
	doi       = {10.1007/978-3-319-08867-9},
	isbn      = {978-3-319-08866-2}
}


@article{OLJM16,
	author    = {Damien Octeau and
	Daniel Luchaup and
	Somesh Jha and
	Patrick D. McDaniel},
	title     = {Composite Constant Propagation and its Application to Android Program
	Analysis},
	journal   = {{IEEE} Trans. Software Eng.},
	volume    = {42},
	number    = {11},
	pages     = {999--1014},
	year      = {2016},
	url       = {https://doi.org/10.1109/TSE.2016.2550446},
	doi       = {10.1109/TSE.2016.2550446},
	timestamp = {Thu, 27 Jul 2017 10:19:27 +0200},
	biburl    = {https://dblp.org/rec/bib/journals/tse/OcteauLJM16},
	bibsource = {dblp computer science bibliography, https://dblp.org}
}

@inproceedings{OJDMB0KT16,
	author    = {Damien Octeau and
	Somesh Jha and
	Matthew Dering and
	Patrick D. McDaniel and
	Alexandre Bartel and
	Li Li and
	Jacques Klein and
	Yves Le Traon},
	title     = {Combining static analysis with probabilistic models to enable market-scale
	Android inter-component analysis},
	booktitle = {Proceedings of the 43rd Annual {ACM} {SIGPLAN-SIGACT} Symposium on
	Principles of Programming Languages, {POPL} 2016, St. Petersburg,
	FL, USA, January 20 - 22, 2016},
	pages     = {469--484},
	year      = {2016},
	crossref  = {DBLP:conf/popl/2016},
	url       = {https://doi.org/10.1145/2837614.2837661},
	doi       = {10.1145/2837614.2837661}
}
@proceedings{DBLP:conf/popl/2016,
	editor    = {Rastislav Bod{\'{\i}}k and
	Rupak Majumdar},
	title     = {Proceedings of the 43rd Annual {ACM} {SIGPLAN-SIGACT} Symposium on
	Principles of Programming Languages, {POPL} 2016, St. Petersburg,
	FL, USA, January 20 - 22, 2016},
	publisher = {{ACM}},
	year      = {2016},
	url       = {http://dl.acm.org/citation.cfm?id=2837614},
	isbn      = {978-1-4503-3549-2}
}


@inproceedings{ZARJO18,
	author    = {Jinman Zhao and
	Aws Albarghouthi and
	Vaibhav Rastogi and
	Somesh Jha and
	Damien Octeau},
	title     = {Neural-augmented static analysis of Android communication},
	booktitle = {Proceedings of the 2018 {ACM} Joint Meeting on European Software Engineering
	Conference and Symposium on the Foundations of Software Engineering,
	{ESEC/SIGSOFT} {FSE} 2018, Lake Buena Vista, FL, USA, November 04-09,
	2018},
	pages     = {342--353},
	year      = {2018},
	crossref  = {DBLP:conf/sigsoft/2018},
	url       = {https://doi.org/10.1145/3236024.3236066},
	doi       = {10.1145/3236024.3236066}
}
@proceedings{DBLP:conf/sigsoft/2018,
	editor    = {Gary T. Leavens and
	Alessandro Garcia and
	Corina S. Pasareanu},
	title     = {Proceedings of the 2018 {ACM} Joint Meeting on European Software Engineering
	Conference and Symposium on the Foundations of Software Engineering,
	{ESEC/SIGSOFT} {FSE} 2018, Lake Buena Vista, FL, USA, November 04-09,
	2018},
	publisher = {{ACM}},
	year      = {2018},
	url       = {http://dl.acm.org/citation.cfm?id=3236024},
	isbn      = {978-1-4503-5573-5}
}


@inproceedings{OLDJM15,
	author    = {Damien Octeau and
	Daniel Luchaup and
	Matthew Dering and
	Somesh Jha and
	Patrick D. McDaniel},
	title     = {Composite Constant Propagation: Application to Android Inter-Component
	Communication Analysis},
	booktitle = {37th {IEEE/ACM} International Conference on Software Engineering,
	{ICSE} 2015, Florence, Italy, May 16-24, 2015, Volume 1},
	pages     = {77--88},
	year      = {2015},
	crossref  = {DBLP:conf/icse/2015-1},
	url       = {https://doi.org/10.1109/ICSE.2015.30},
	doi       = {10.1109/ICSE.2015.30}
}
@proceedings{DBLP:conf/icse/2015-1,
	editor    = {Antonia Bertolino and
	Gerardo Canfora and
	Sebastian G. Elbaum},
	title     = {37th {IEEE/ACM} International Conference on Software Engineering,
	{ICSE} 2015, Florence, Italy, May 16-24, 2015, Volume 1},
	publisher = {{IEEE} Computer Society},
	year      = {2015},
	url       = {http://ieeexplore.ieee.org/xpl/mostRecentIssue.jsp?punumber=7174815},
	isbn      = {978-1-4799-1934-5}
}



@article{LBPRBOKT17,
	author    = {Li Li and
	Tegawend{\'{e}} F. Bissyand{\'{e}} and
	Mike Papadakis and
	Siegfried Rasthofer and
	Alexandre Bartel and
	Damien Octeau and
	Jacques Klein and
	Yves Le Traon},
	title     = {Static analysis of android apps: {A} systematic literature review},
	journal   = {Information {\&} Software Technology},
	volume    = {88},
	pages     = {67--95},
	year      = {2017},
	url       = {https://doi.org/10.1016/j.infsof.2017.04.001},
	doi       = {10.1016/j.infsof.2017.04.001},
	timestamp = {Fri, 09 Jun 2017 20:06:34 +0200},
	biburl    = {https://dblp.org/rec/bib/journals/infsof/LiBPRBOKT17},
	bibsource = {dblp computer science bibliography, https://dblp.org}
}


@inproceedings{OMJBBKT13,
	author    = {Damien Octeau and
	Patrick D. McDaniel and
	Somesh Jha and
	Alexandre Bartel and
	Eric Bodden and
	Jacques Klein and
	Yves Le Traon},
	title     = {Effective Inter-Component Communication Mapping in Android: An Essential
	Step Towards Holistic Security Analysis},
	booktitle = {Proceedings of the 22th {USENIX} Security Symposium, Washington, DC,
	USA, August 14-16, 2013},
	pages     = {543--558},
	year      = {2013},
	crossref  = {DBLP:conf/uss/2013},
	url       = {https://www.usenix.org/conference/usenixsecurity13/technical-sessions/presentation/octeau} 
}
@proceedings{DBLP:conf/uss/2013,
	editor    = {Samuel T. King},
	title     = {Proceedings of the 22th {USENIX} Security Symposium, Washington, DC,
	USA, August 14-16, 2013},
	publisher = {{USENIX} Association},
	year      = {2013},
	url       = {https://www.usenix.org/conference/usenixsecurity13},
	isbn      = {978-1-931971-03-4} 
}

@inproceedings{CFGW11,
	author    = {Erika Chin and
	Adrienne Porter Felt and
	Kate Greenwood and
	David A. Wagner},
	title     = {Analyzing inter-application communication in Android},
	booktitle = {Proceedings of the 9th International Conference on Mobile Systems,
	Applications, and Services (MobiSys 2011), Bethesda, MD, USA, June
	28 - July 01, 2011},
	pages     = {239--252},
	year      = {2011},
	crossref  = {DBLP:conf/mobisys/2011},
	url       = {https://doi.org/10.1145/1999995.2000018},
	doi       = {10.1145/1999995.2000018} 
}
@proceedings{DBLP:conf/mobisys/2011,
	editor    = {Ashok K. Agrawala and
	Mark D. Corner and
	David Wetherall},
	title     = {Proceedings of the 9th International Conference on Mobile Systems,
	Applications, and Services (MobiSys 2011), Bethesda, MD, USA, June
	28 - July 01, 2011},
	publisher = {{ACM}},
	year      = {2011},
	isbn      = {978-1-4503-0643-0} 
}


@proceedings{DBLP:conf/cav/2014,
	editor    = {Armin Biere and
	Roderick Bloem},
	title     = {Computer Aided Verification - 26th International Conference, {CAV}
	2014, Held as Part of the Vienna Summer of Logic, {VSL} 2014, Vienna,
	Austria, July 18-22, 2014. Proceedings},
	series    = {Lecture Notes in Computer Science},
	volume    = {8559},
	publisher = {Springer},
	year      = {2014},
	url       = {https://doi.org/10.1007/978-3-319-08867-9},
	doi       = {10.1007/978-3-319-08867-9},
	isbn      = {978-3-319-08866-2}
}


@article{CHL13,
	author    = {Wojciech Czerwinski and
	Piotr Hofman and
	Slawomir Lasota},
	title     = {Reachability Problem for Weak Multi-Pushdown Automata},
	journal   = {Logical Methods in Computer Science},
	volume    = {9},
	number    = {3},
	year      = {2013},
	url       = {https://doi.org/10.2168/LMCS-9(3:13)2013},
	doi       = {10.2168/LMCS-9(3:13)2013}
}


@inproceedings{VCGHLS99,
	author    = {Raja Vall{\'{e}}e{-}Rai and
	Phong Co and
	Etienne Gagnon and
	Laurie J. Hendren and
	Patrick Lam and
	Vijay Sundaresan},
	title     = {Soot - a Java bytecode optimization framework},
	booktitle = {Proceedings of the 1999 conference of the Centre for Advanced Studies
	on Collaborative Research, November 8-11, 1999, Mississauga, Ontario,
	Canada},
	pages     = {13},
	year      = {1999},
	crossref  = {DBLP:conf/cascon/1999},
	url       = {http://doi.acm.org/10.1145/781995.782008},
	doi       = {10.1145/781995.782008}
}
@proceedings{DBLP:conf/cascon/1999,
	editor    = {Stephen A. MacKay and
	J. Howard Johnson},
	title     = {Proceedings of the 1999 conference of the Centre for Advanced Studies
	on Collaborative Research, November 8-11, 1999, Mississauga, Ontario,
	Canada},
	publisher = {{IBM}},
	year      = {1999}
}


@proceedings{DBLP:conf/icse/2018,
	editor    = {Michel Chaudron and
	Ivica Crnkovic and
	Marsha Chechik and
	Mark Harman},
	title     = {Proceedings of the 40th International Conference on Software Engineering,
	{ICSE} 2018, Gothenburg, Sweden, May 27 - June 03, 2018},
	publisher = {{ACM}},
	year      = {2018},
	url       = {http://doi.acm.org/10.1145/3180155},
	doi       = {10.1145/3180155},
	isbn      = {978-1-4503-5638-1}
}


@inproceedings{LHR17,
	author    = {Sungho Lee and
	Sungjae Hwang and
	Sukyoung Ryu},
	title     = {All about activity injection: threats, semantics, and detection},
	booktitle = {Proceedings of the 32nd {IEEE/ACM} International Conference on Automated
	Software Engineering, {ASE} 2017, Urbana, IL, USA, October 30 - November
	03, 2017},
	pages     = {252--262},
	year      = {2017},
	doi       = {10.1109/ASE.2017.8115638},
	publisher = {{IEEE} Computer Society},
}

@techreport{LHR17b,
	author    = {Sungho Lee and
	Sungjae Hwang and
	Sukyoung Ryu},
	title = {Operational Semantics for the Android Activity Activation Mechanism},
	url = {https://plrg.kaist.ac.kr/lib/exe/fetch.php?media=research:material:activationsemantics.pdf}, 
	year = {2017}
}





@inproceedings{LWX18,
	author    = {Jie Liu and
	Diyu Wu and
	Jingling Xue},
	title     = {TDroid: exposing app switching attacks in Android with control flow
	specialization},
	booktitle = {Proceedings of the 33rd {ACM/IEEE} International Conference on Automated
	Software Engineering, {ASE} 2018, Montpellier, France, September 3-7,
	2018},
	pages     = {236--247},
	year      = {2018},
	crossref  = {DBLP:conf/kbse/2018},
	url       = {http://doi.acm.org/10.1145/3238147.3238188},
	doi       = {10.1145/3238147.3238188}
}

@inproceedings{YSCX18,
	author    = {Hua Yan and
	Yulei Sui and
	Shiping Chen and
	Jingling Xue},
	title     = {Spatio-temporal context reduction: a pointer-analysis-based static
	approach for detecting use-after-free vulnerabilities},
	booktitle = {Proceedings of the 40th International Conference on Software Engineering,
	{ICSE} 2018, Gothenburg, Sweden, May 27 - June 03, 2018},
	pages     = {327--337},
	year      = {2018},
	crossref  = {DBLP:conf/icse/2018},
	url       = {http://doi.acm.org/10.1145/3180155.3180178},
	doi       = {10.1145/3180155.3180178}
}


@inproceedings{ChenHSWWY18,
	author    = {Taolue Chen and
	Jinlong He and
	Fu Song and
	Guozhen Wang and
	Zhilin Wu and
	Jun Yan},
	editor    = {Hana Chockler and
	Georg Weissenbacher},
	title     = {Android Stack Machine},
	booktitle = {Computer Aided Verification - 30th International Conference, {CAV}
	2018, Held as Part of the Federated Logic Conference, FloC 2018, Oxford,
	UK, July 14-17, 2018, Proceedings, Part {II}},
	series    = {Lecture Notes in Computer Science},
	volume    = {10982},
	pages     = {487--504},
	publisher = {Springer},
	year      = {2018},
	url       = {https://doi.org/10.1007/978-3-319-96142-2\_29},
	doi       = {10.1007/978-3-319-96142-2\_29}
}

@inproceedings{GCW18,
	title = {Separation Logic  with Linearly Compositional Inductive Predicates and Set Data Constraints (full version)},
	author = {Chong Gao and Taolue Chen and Zhilin Wu},
	group = {},
	year = {},
	institution = {},
	month = {},
	Date-Added = {},
	Date-Modified = {},
	note = {\url{http://www.dcs.bbk.ac.uk/~taolue/sub-papers/GCW18-full.pdf}}
}

@electronic{stackoverflow,
	author = {},
	title = {Stackoverflow entry: Android singleTask or singleInstance launch mode?
	\url{https://stackoverflow.com/questions/3219726/}},
	year = {},
	url = {},
	urldate = {}
}



@electronic{FullVersion,
	author = {},
	title = {Supplementary material for Android Multitasking Mechanism:  
	Formal Semantics and Static Analysis of Apps, including three files supplementary.pdf,  semantics$\_$validation.xlsx and semantics$\_$validation.htm, which can be accessed by unzipping the supplementary.zip file available at \url{https://figshare.com/s/1cdab9280d4562004de2}},
	year = {},
	url = {},
	urldate = {}
}


@electronic{Androiddoc,
	author = {},
	title = {Android Documentation. \url{https://developer.android.com/guide/components/activities/tasks-and-back-stack.html}},
	year = {},
	url = {},
	urldate = {}
}


@inproceedings{UM13,
  author    = {Yuya Uezato and
               Yasuhiko Minamide},
  title     = {Pushdown Systems with Stack Manipulation},
  booktitle = {Proceedings of the 11th International Symposium on Automated Technology for Verification and Analysis {(ATVA)}},
  pages     = {412--426},
  year      = {2013},
}

@inproceedings{SM+15,
  author    = {Fu Song and
               Weikai Miao and
               Geguang Pu and
               Min Zhang},
  title     = {On Reachability Analysis of Pushdown Systems with Transductions: Application to Boolean Programs with Call-by-Reference},
  booktitle = {Proceedings of the 26th International Conference on Concurrency Theory {(CONCUR)}},
  pages     = {383--397},
  year      = {2015},
}

@inproceedings{BEM97,
  author    = {Ahmed Bouajjani and
               Javier Esparza and
               Oded Maler},
  title     = {Reachability Analysis of Pushdown Automata: Application to Model-Checking},
  booktitle = {Proceedings of the 8th International Conference on Concurrency Theory {(CONCUR)}},
  pages     = {135--150},
  year      = {1997},
}

@book{Min67,
	author ={M. Minsky},
    title  = {Computation: Finite and Infinite Machines},
    publisher = {Prentice Hall Int.},
    year      = {1967}
}

@article{Ati12,
  author    = {Mohamed Faouzi Atig},
  title     = {Model-Checking of Ordered Multi-Pushdown Automata},
  journal   = {Logical Methods in Computer Science},
  volume    = {8},
  number    = {3},
  year      = {2012}
}

@inproceedings{ABH08,
  author    = {Mohamed Faouzi Atig and
               Benedikt Bollig and
               Peter Habermehl},
  title     = {Emptiness of Multi-pushdown Automata Is 2ETIME-Complete},
  booktitle = {Proceedings of the 12th International Conference on Developments in Language Theory {(DLT)}},
  pages     = {121--133},
  year      = {2008}
}
@inproceedings{QR05,
  author    = {Shaz Qadeer and
               Jakob Rehof},
  title     = {Context-Bounded Model Checking of Concurrent Software},
  booktitle = {Proceedings of the 11th International Conference on Tools and Algorithms for the Construction and Analysis of Systems {(TACAS)}},
  pages     = {93--107},
  year      = {2005}
}

@inproceedings{TMP07,
  author    = {Salvatore {La Torre} and Parthasarathy Madhusudan and
               Gennaro Parlato},
  title     = {A Robust Class of Context-Sensitive Languages},
  booktitle = {Proceedings of the 22nd {IEEE} Symposium on Logic in Computer Science {(LICS)}},
  pages     = {161--170},
  year      = {2007}
}

@article{BCCC96,
  author    = {Luca Breveglieri and
               Alessandra Cherubini and
               Claudio Citrini and
               Stefano Crespi{-}Reghizzi},
  title     = {Multi-Push-Down Languages and Grammars},
  journal   = {Int. J. Found. Comput. Sci.},
  volume    = {7},
  number    = {3},
  pages     = {253--292},
  year      = {1996}
}

@article{Mas96,
  author    = {A. N. Maslov},
  title     = {Multilevel stack automata},
  journal   = {Problems of Information Transmission},
  volume    = {15},
  pages     = {1170--1174},
  year      = {1976}
}


@inproceedings{TN11,
  author    = {Salvatore {La Torre} and
               Margherita Napoli},
  title     = {Reachability of Multistack Pushdown Systems with Scope-Bounded Matching
               Relations},
  booktitle = {Proceedings of the 22nd International Conference on Concurrency Theory {(CONCUR)}},
  pages     = {203--218},
  year      = {2011}
}


@inproceedings{AAA17,
  author    = {Parosh Aziz Abdulla and
               C. Aiswarya and
               Mohamed Faouzi Atig},
  title     = {Data Multi-Pushdown Automata},
  booktitle = {Proceedings of the 28th International Conference on Concurrency Theory {(CONCUR)}},
  pages     = {38:1--38:17},
  year      = {2017},
  doi       = {10.4230/LIPIcs.CONCUR.2017.38}
}


@inproceedings{AARS12,
  author    = {Parosh Aziz Abdulla and
               Mohamed Faouzi Atig and
               Othmane Rezine and
               Jari Stenman},
  title     = {Multi-pushdown systems with budgets},
  booktitle = {Formal Methods in Computer-Aided Design {(FMCAD)}},
  pages     = {24--33},
  year      = {2012}
}

@inproceedings{RZXWL15,
  author    = {Chuangang Ren and
               Yulong Zhang and
               Hui Xue and
               Tao Wei and
               Peng Liu},
  title     = {Towards Discovering and Understanding Task Hijacking in Android},
  booktitle = {Proceedings of the 24th {USENIX} Security Symposium {({USENIX} Security)}},
  pages     = {945--959},
  year      = {2015}
}

@inproceedings{YWYZ17,
  author    = {Jiwei Yan and
               Tianyong Wu and
               Jun Yan and
               Jian Zhang},
  title     = {Widget-Sensitive and Back-Stack-Aware {GUI} Exploration for Testing
               Android Apps},
  booktitle = {Proceedings of the 2017 {IEEE} International Conference on Software Quality, Reliability
               and Security {(QRS)}},
  pages     = {42--53},
  year      = {2017}
}

@inproceedings{MP11,
  author    = {P. Madhusudan and Gennaro Parlato},
  title     = {The tree width of auxiliary storage},
  booktitle = {Proceedings of the 38th {ACM} {SIGPLAN-SIGACT} Symposium on Principles
               of Programming Languages {(POPL)}},
  pages     = {283--294},
  year      = {2011}
}

@inproceedings{CHL12,
  author    = {Wojciech Czerwinski and
               Piotr Hofman and
               Slawomir Lasota},
  title     = {Reachability Problem for Weak Multi-Pushdown Automata},
  booktitle = {Proceedings of the 23rd International Conference on {(CONCUR)}},
  pages     = {53--68},
  year      = {2012}
}

@inproceedings{HO07,
  author    = {Matthew Hague and
               C.{-}H. Luke Ong},
  title     = {Symbolic Backwards-Reachability Analysis for Higher-Order Pushdown
               Systems},
  booktitle = {Proceedings of the 10th International Conference on Foundations of Software Science and Computational Structures {(FOSSACS)}},
  pages     = {213--227},
  year      = {2007}
}

@inproceedings{KNU02,
  author    = {Teodor Knapik and
               Damian Niwinski and
               Pawel Urzyczyn},
  title     = {Higher-Order Pushdown Trees Are Easy},
  booktitle = {Proceedings of the 5th International
               Conference on Foundations of Software Science and Computation Structures {(FOSSACS)}},
  pages     = {205--222},
  year      = {2002}
}


@inproceedings{TP12,
  author    = {Salvatore {La Torre} and
               Gennaro Parlato},
  title     = {Scope-bounded Multistack Pushdown Systems: Fixed-Point, Sequentialization,
               and Tree-Width},
  booktitle = {{IARCS} Annual Conference on Foundations of Software Technology and
               Theoretical Computer Science {(FSTTCS)}},
  pages     = {173--184},
  year      = {2012}
}

@article{Song18,
  author    = {Fu Song},
  title     = {Analyzing pushdown systems with stack manipulation},
  journal   = {Information and Computation},
  volume    = {259},
  number    = {1},
  pages     = {41--71},
  year      = {2018}
}

@inproceedings{CGK12,
  author    = {Aiswarya Cyriac and
               Paul Gastin and
               K. Narayan Kumar},
  title     = {{MSO} Decidability of Multi-Pushdown Systems via Split-Width},
  booktitle = {{CONCUR}},
  pages     = {547--561},
  year      = {2012}
}

@inproceedings{HL+13,
 author = {Hao, Shuai and Li, Ding and Halfond, William G. J. and Govindan, Ramesh},
 title = {Estimating Mobile Application Energy Consumption Using Program Analysis},
 booktitle = {Proceedings of the 35th International Conference on Software Engineering ({ICSE})},
 year = {2013},
 pages = {92--101},
}

@electronic{android-statistics,
	author = {},
	title = {75 Amazing Android Statistics and Facts (August 2018)},
	year = {2018},
	url = {https://expandedramblings.com/index.php/android-statistics/},
	urldate = {}
}

@electronic{google-play-statistics,
	author = {},
	title = {Number of available applications in the Google Play Store from December 2009 to September 2018},
	year = {2018},
	url = {https://www.statista.com/statistics/266210/number-of-available-applications-in-the-google-play-store/},
	urldate = {}
}

@inproceedings{XBM+17,
  author    = {Yinhao Xiao and
               Guangdong Bai and
               Jian Mao and
               Zhenkai Liang and
               Wei Cheng},
  title     = {Privilege Leakage and Information Stealing through the Android Task
               Mechanism},
  booktitle = {{IEEE} Symposium on Privacy-Aware Computing, {PAC} 2017, Washington,
               DC, USA, August 1-4, 2017},
  pages     = {152--163},
  year      = {2017},
}

@inproceedings{BCI+15,
 author = {Bianchi, Antonio and Corbetta, Jacopo and Invernizzi, Luca and Fratantonio, Yanick and Kruegel, Christopher and Vigna, Giovanni},
 title = {What the App is That? Deception and Countermeasures in the Android User Interface},
 booktitle = {Proceedings of the 2015 IEEE Symposium on Security and Privacy, {SP} 2015},
 year = {2015},
 pages = {931--948},
 numpages = {18},
 doi = {10.1109/SP.2015.62},
 publisher = {IEEE Computer Society},
 address = {Washington, DC, USA},
} 

@electronic{intent-filter,
	author = {},
	title = {Intent Filters of Activities},
	year = {},
	url = {https://developer.android.com/guide/components/intentsfilters},
	urldate = {}
}

@electronic{music-player,
	author = {},
	title = {Stock music player: An open source Android app},
	year = {},
	url = {https://f-droid.org/en/packages/com.android.music/},
	urldate = {}
}


@electronic{monkey,
	author = {},
	title = {UI/Application Exerciser Monkey},
	year = {},
	url = {http://developer.android.com/tools/help/monkey.html},
	urldate = {}
}

@online{ADB,
	author = {Google},
	title = {Android Debug Bridge},
	year = {2021},
	url = {https://developer.android.com/studio/command-line/adb},
	month = "November",
	lastaccessed = "November, 2021",
}

@electronic{reddinator,
	author = {},
	title = {Reddinator},
	year = {},
	url = {https://f-droid.org/en/packages/au.com.wallaceit.reddinator/},
}

@electronic{padland,
	author = {},
	title = {Padland},
	year = {},
	url = {https://f-droid.org/en/packages/com.mikifus.padland/},
}


@inproceedings{OLD+15,
 author = {Octeau, Damien and Luchaup, Daniel and Dering, Matthew and Jha, Somesh and McDaniel, Patrick},
 title = {Composite Constant Propagation: Application to Android Inter-component Communication Analysis},
 booktitle = {Proceedings of the 37th International Conference on Software Engineering - Volume 1},
 series = {ICSE '15},
 year = {2015},
 pages = {77--88},
 url = {http://dl.acm.org/citation.cfm?id=2818754.2818767},
 acmid = {2818767},
 publisher = {IEEE Press},
} 

@phdthesis{Sch02,
  author    = {Stefan Schwoon},
  title     = {Model checking pushdown systems},
  school    = {Technical University Munich, Germany},
  year      = {2002},
  url       = {http://tumb1.biblio.tu-muenchen.de/publ/diss/in/2002/schwoon.html},
}

@inproceedings{HCWWY19,
  author    = {Jinlong He and
               Taolue Chen and
               Ping Wang and
               Zhilin Wu and
               Jun Yan},
  editor    = {Anthony Widjaja Lin},
  title     = {Android Multitasking Mechanism: Formal Semantics and Static Analysis
               of Apps},
  booktitle = {Programming Languages and Systems - 17th Asian Symposium, {APLAS}
               2019, Nusa Dua, Bali, Indonesia, December 1-4, 2019, Proceedings},
  series    = {Lecture Notes in Computer Science},
  volume    = {11893},
  pages     = {291--312},
  publisher = {Springer},
  year      = {2019},
}

@inproceedings{CHGD18,
  author    = {Jia Chen and
               Ge Han and
               Shanqing Guo and
               Wenrui Diao},
  title     = {FragDroid: Automated User Interface Interaction with Activity and
               Fragment Analysis in Android Applications},
  booktitle = {48th Annual {IEEE/IFIP} International Conference on Dependable Systems
               and Networks, {DSN} 2018, Luxembourg City, Luxembourg, June 25-28,
               2018},
  pages     = {398--409},
  publisher = {{IEEE} Computer Society},
  year      = {2018},
  url       = {https://doi.org/10.1109/DSN.2018.00049},
  doi       = {10.1109/DSN.2018.00049},
}

@inproceedings{CavadaCDGMMMRT14,
	author    = {Roberto Cavada and
	Alessandro Cimatti and
	Michele Dorigatti and
	Alberto Griggio and
	Alessandro Mariotti and
	Andrea Micheli and
	Sergio Mover and
	Marco Roveri and
	Stefano Tonetta},
	title     = {The nuXmv Symbolic Model Checker},
	booktitle = {Computer Aided Verification - 26th International Conference, {CAV}
	2014, Held as Part of the Vienna Summer of Logic, {VSL} 2014, Vienna,
	Austria, July 18-22, 2014. Proceedings},
	pages     = {334--342},
	year      = {2014},
	crossref  = {DBLP:conf/cav/2014},
	url       = {https://doi.org/10.1007/978-3-319-08867-9\_22},
	doi       = {10.1007/978-3-319-08867-9\_22}
}


@article{OLJM16,
	author    = {Damien Octeau and
	Daniel Luchaup and
	Somesh Jha and
	Patrick D. McDaniel},
	title     = {Composite Constant Propagation and its Application to Android Program
	Analysis},
	journal   = {{IEEE} Trans. Software Eng.},
	volume    = {42},
	number    = {11},
	pages     = {999--1014},
	year      = {2016},
	url       = {https://doi.org/10.1109/TSE.2016.2550446},
	doi       = {10.1109/TSE.2016.2550446},
	timestamp = {Thu, 27 Jul 2017 10:19:27 +0200},
	biburl    = {https://dblp.org/rec/bib/journals/tse/OcteauLJM16},
	bibsource = {dblp computer science bibliography, https://dblp.org}
}

@inproceedings{OJDMB0KT16,
	author    = {Damien Octeau and
	Somesh Jha and
	Matthew Dering and
	Patrick D. McDaniel and
	Alexandre Bartel and
	Li Li and
	Jacques Klein and
	Yves Le Traon},
	title     = {Combining static analysis with probabilistic models to enable market-scale
	Android inter-component analysis},
	booktitle = {Proceedings of the 43rd Annual {ACM} {SIGPLAN-SIGACT} Symposium on
	Principles of Programming Languages, {POPL} 2016, St. Petersburg,
	FL, USA, January 20 - 22, 2016},
	pages     = {469--484},
	year      = {2016},
	crossref  = {DBLP:conf/popl/2016},
	url       = {https://doi.org/10.1145/2837614.2837661},
	doi       = {10.1145/2837614.2837661}
}

@proceedings{DBLP:conf/popl/2016,
	editor    = {Rastislav Bod{\'{\i}}k and
	Rupak Majumdar},
	title     = {Proceedings of the 43rd Annual {ACM} {SIGPLAN-SIGACT} Symposium on
	Principles of Programming Languages, {POPL} 2016, St. Petersburg,
	FL, USA, January 20 - 22, 2016},
	publisher = {{ACM}},
	year      = {2016},
	url       = {http://dl.acm.org/citation.cfm?id=2837614},
	isbn      = {978-1-4503-3549-2}
}


@inproceedings{ZARJO18,
	author    = {Jinman Zhao and
	Aws Albarghouthi and
	Vaibhav Rastogi and
	Somesh Jha and
	Damien Octeau},
	title     = {Neural-augmented static analysis of Android communication},
	booktitle = {Proceedings of the 2018 {ACM} Joint Meeting on European Software Engineering
	Conference and Symposium on the Foundations of Software Engineering,
	{ESEC/SIGSOFT} {FSE} 2018, Lake Buena Vista, FL, USA, November 04-09,
	2018},
	pages     = {342--353},
	year      = {2018},
	crossref  = {DBLP:conf/sigsoft/2018},
	url       = {https://doi.org/10.1145/3236024.3236066},
	doi       = {10.1145/3236024.3236066}
}
@proceedings{DBLP:conf/sigsoft/2018,
	editor    = {Gary T. Leavens and
	Alessandro Garcia and
	Corina S. Pasareanu},
	title     = {Proceedings of the 2018 {ACM} Joint Meeting on European Software Engineering
	Conference and Symposium on the Foundations of Software Engineering,
	{ESEC/SIGSOFT} {FSE} 2018, Lake Buena Vista, FL, USA, November 04-09,
	2018},
	publisher = {{ACM}},
	year      = {2018},
	url       = {http://dl.acm.org/citation.cfm?id=3236024},
	isbn      = {978-1-4503-5573-5}
}


@inproceedings{OLDJM15,
	author    = {Damien Octeau and
	Daniel Luchaup and
	Matthew Dering and
	Somesh Jha and
	Patrick D. McDaniel},
	title     = {Composite Constant Propagation: Application to Android Inter-Component
	Communication Analysis},
	booktitle = {37th {IEEE/ACM} International Conference on Software Engineering,
	{ICSE} 2015, Florence, Italy, May 16-24, 2015, Volume 1},
	pages     = {77--88},
	year      = {2015},
	crossref  = {DBLP:conf/icse/2015-1},
	url       = {https://doi.org/10.1109/ICSE.2015.30},
	doi       = {10.1109/ICSE.2015.30}
}
@proceedings{DBLP:conf/icse/2015-1,
	editor    = {Antonia Bertolino and
	Gerardo Canfora and
	Sebastian G. Elbaum},
	title     = {37th {IEEE/ACM} International Conference on Software Engineering,
	{ICSE} 2015, Florence, Italy, May 16-24, 2015, Volume 1},
	publisher = {{IEEE} Computer Society},
	year      = {2015},
	url       = {http://ieeexplore.ieee.org/xpl/mostRecentIssue.jsp?punumber=7174815},
	isbn      = {978-1-4799-1934-5}
}



@article{LBPRBOKT17,
	author    = {Li Li and
	Tegawend{\'{e}} F. Bissyand{\'{e}} and
	Mike Papadakis and
	Siegfried Rasthofer and
	Alexandre Bartel and
	Damien Octeau and
	Jacques Klein and
	Yves Le Traon},
	title     = {Static analysis of android apps: {A} systematic literature review},
	journal   = {Information {\&} Software Technology},
	volume    = {88},
	pages     = {67--95},
	year      = {2017},
	url       = {https://doi.org/10.1016/j.infsof.2017.04.001},
	doi       = {10.1016/j.infsof.2017.04.001},
	timestamp = {Fri, 09 Jun 2017 20:06:34 +0200},
	biburl    = {https://dblp.org/rec/bib/journals/infsof/LiBPRBOKT17},
	bibsource = {dblp computer science bibliography, https://dblp.org}
}


@inproceedings{OMJBBKT13,
	author    = {Damien Octeau and
	Patrick D. McDaniel and
	Somesh Jha and
	Alexandre Bartel and
	Eric Bodden and
	Jacques Klein and
	Yves Le Traon},
	title     = {Effective Inter-Component Communication Mapping in Android: An Essential
	Step Towards Holistic Security Analysis},
	booktitle = {Proceedings of the 22th {USENIX} Security Symposium, Washington, DC,
	USA, August 14-16, 2013},
	pages     = {543--558},
	year      = {2013},
	crossref  = {DBLP:conf/uss/2013},
	url       = {https://www.usenix.org/conference/usenixsecurity13/technical-sessions/presentation/octeau} 
}
@proceedings{DBLP:conf/uss/2013,
	editor    = {Samuel T. King},
	title     = {Proceedings of the 22th {USENIX} Security Symposium, Washington, DC,
	USA, August 14-16, 2013},
	publisher = {{USENIX} Association},
	year      = {2013},
	url       = {https://www.usenix.org/conference/usenixsecurity13},
	isbn      = {978-1-931971-03-4} 
}

@inproceedings{CFGW11,
	author    = {Erika Chin and
	Adrienne Porter Felt and
	Kate Greenwood and
	David A. Wagner},
	title     = {Analyzing inter-application communication in Android},
	booktitle = {Proceedings of the 9th International Conference on Mobile Systems,
	Applications, and Services (MobiSys 2011), Bethesda, MD, USA, June
	28 - July 01, 2011},
	pages     = {239--252},
	year      = {2011},
	crossref  = {DBLP:conf/mobisys/2011},
	url       = {https://doi.org/10.1145/1999995.2000018},
	doi       = {10.1145/1999995.2000018} 
}
@proceedings{DBLP:conf/mobisys/2011,
	editor    = {Ashok K. Agrawala and
	Mark D. Corner and
	David Wetherall},
	title     = {Proceedings of the 9th International Conference on Mobile Systems,
	Applications, and Services (MobiSys 2011), Bethesda, MD, USA, June
	28 - July 01, 2011},
	publisher = {{ACM}},
	year      = {2011},
	isbn      = {978-1-4503-0643-0} 
}


@inproceedings{nuXmv,
	author    = {Roberto Cavada and
	Alessandro Cimatti and
	Michele Dorigatti and
	Alberto Griggio and
	Alessandro Mariotti and
	Andrea Micheli and
	Sergio Mover and
	Marco Roveri and
	Stefano Tonetta},
	title     = {The nuXmv Symbolic Model Checker},
	booktitle = {Computer Aided Verification - 26th International Conference, {CAV}
	2014, Held as Part of the Vienna Summer of Logic, {VSL} 2014, Vienna,
	Austria, July 18-22, 2014. Proceedings},
	pages     = {334--342},
	year      = {2014},
	doi       = {10.1007/978-3-319-08867-9\_22}
}
@proceedings{DBLP:conf/cav/2014,
	editor    = {Armin Biere and
	Roderick Bloem},
	title     = {Computer Aided Verification - 26th International Conference, {CAV}
	2014, Held as Part of the Vienna Summer of Logic, {VSL} 2014, Vienna,
	Austria, July 18-22, 2014. Proceedings},
	series    = {Lecture Notes in Computer Science},
	volume    = {8559},
	publisher = {Springer},
	year      = {2014},
	url       = {https://doi.org/10.1007/978-3-319-08867-9},
	doi       = {10.1007/978-3-319-08867-9},
	isbn      = {978-3-319-08866-2}
}


@article{CHL13,
	author    = {Wojciech Czerwinski and
	Piotr Hofman and
	Slawomir Lasota},
	title     = {Reachability Problem for Weak Multi-Pushdown Automata},
	journal   = {Logical Methods in Computer Science},
	volume    = {9},
	number    = {3},
	year      = {2013},
	url       = {https://doi.org/10.2168/LMCS-9(3:13)2013},
	doi       = {10.2168/LMCS-9(3:13)2013}
}


@inproceedings{VCGHLS99,
	author    = {Raja Vall{\'{e}}e{-}Rai and
	Phong Co and
	Etienne Gagnon and
	Laurie J. Hendren and
	Patrick Lam and
	Vijay Sundaresan},
	title     = {Soot - a Java bytecode optimization framework},
	booktitle = {Proceedings of the 1999 conference of the Centre for Advanced Studies
	on Collaborative Research, November 8-11, 1999, Mississauga, Ontario,
	Canada},
	pages     = {13},
	year      = {1999},
	crossref  = {DBLP:conf/cascon/1999},
	url       = {http://doi.acm.org/10.1145/781995.782008},
	doi       = {10.1145/781995.782008}
}
@proceedings{DBLP:conf/cascon/1999,
	editor    = {Stephen A. MacKay and
	J. Howard Johnson},
	title     = {Proceedings of the 1999 conference of the Centre for Advanced Studies
	on Collaborative Research, November 8-11, 1999, Mississauga, Ontario,
	Canada},
	publisher = {{IBM}},
	year      = {1999}
}


@inproceedings{ZSX18,
	author    = {Yifei Zhang and
	Yulei Sui and
	Jingling Xue},
	title     = {Launch-mode-aware context-sensitive activity transition analysis},
	booktitle = {Proceedings of the 40th International Conference on Software Engineering,
	{ICSE} 2018, Gothenburg, Sweden, May 27 - June 03, 2018},
	pages     = {598--608},
	year      = {2018},
	crossref  = {DBLP:conf/icse/2018},
	url       = {http://doi.acm.org/10.1145/3180155.3180188},
	doi       = {10.1145/3180155.3180188}
}
@proceedings{DBLP:conf/icse/2018,
	editor    = {Michel Chaudron and
	Ivica Crnkovic and
	Marsha Chechik and
	Mark Harman},
	title     = {Proceedings of the 40th International Conference on Software Engineering,
	{ICSE} 2018, Gothenburg, Sweden, May 27 - June 03, 2018},
	publisher = {{ACM}},
	year      = {2018},
	url       = {http://doi.acm.org/10.1145/3180155},
	doi       = {10.1145/3180155},
	isbn      = {978-1-4503-5638-1}
}







@proceedings{DBLP:conf/kbse/2018,
	editor    = {Marianne Huchard and
	Christian K{\"{a}}stner and
	Gordon Fraser},
	title     = {Proceedings of the 33rd {ACM/IEEE} International Conference on Automated
	Software Engineering, {ASE} 2018, Montpellier, France, September 3-7,
	2018},
	publisher = {{ACM}},
	year      = {2018},
	url       = {http://doi.acm.org/10.1145/3238147},
	doi       = {10.1145/3238147}
}

@inproceedings{YSCX18,
	author    = {Hua Yan and
	Yulei Sui and
	Shiping Chen and
	Jingling Xue},
	title     = {Spatio-temporal context reduction: a pointer-analysis-based static
	approach for detecting use-after-free vulnerabilities},
	booktitle = {Proceedings of the 40th International Conference on Software Engineering,
	{ICSE} 2018, Gothenburg, Sweden, May 27 - June 03, 2018},
	pages     = {327--337},
	year      = {2018},
	crossref  = {DBLP:conf/icse/2018},
	url       = {http://doi.acm.org/10.1145/3180155.3180178},
	doi       = {10.1145/3180155.3180178}
}

@Misc{intentflags,
	howpublished = {\url{https://developer.android.com/reference/android/content/Intent#flags}},
	year = 2023
}

@misc{CHSWWY18,
	author    = {Taolue Chen and Jinlong He and Fu Song and  Guozhen Wang and Zhilin Wu and Jun Yan},
	title     = {Android Stack Machine (full version)},
	booktitle = {},
	pages     = {},
	year      = {2018},
    note  = {\url{http://www.dcs.bbk.ac.uk/~taolue/pub-papers/ASM-full.pdf}}
}


@inproceedings{GCW18,
	title = {Separation Logic  with Linearly Compositional Inductive Predicates and Set Data Constraints (full version)},
	author = {Chong Gao and Taolue Chen and Zhilin Wu},
	group = {},
	year = {},
	institution = {},
	month = {},
	Date-Added = {},
	Date-Modified = {},
	note = {\url{http://www.dcs.bbk.ac.uk/~taolue/sub-papers/GCW18-full.pdf}}
}

@electronic{stackoverflow,
	author = {},
	title = {Stackoverflow entry: Android singleTask or singleInstance launch mode?
	\url{https://stackoverflow.com/questions/3219726/}},
	year = {},
	url = {},
	urldate = {}
}



@electronic{FullVersion,
	author = {},
	title = {Supplementary material for Android Multitasking Mechanism:  
	Formal Semantics and Static Analysis of Apps, including three files supplementary.pdf,  semantics$\_$validation.xlsx and semantics$\_$validation.htm, which can be accessed by unzipping the supplementary.zip file available at \url{https://figshare.com/s/1cdab9280d4562004de2}},
	year = {},
	url = {},
	urldate = {}
}


@electronic{Androiddoc,
	author = {},
	title = {Android Documentation. \url{https://developer.android.com/guide/components/activities/tasks-and-back-stack.html}},
	year = {},
	url = {},
	urldate = {}
}


@inproceedings{UM13,
  author    = {Yuya Uezato and
               Yasuhiko Minamide},
  title     = {Pushdown Systems with Stack Manipulation},
  booktitle = {Proceedings of the 11th International Symposium on Automated Technology for Verification and Analysis {(ATVA)}},
  pages     = {412--426},
  year      = {2013},
}

@inproceedings{SM+15,
  author    = {Fu Song and
               Weikai Miao and
               Geguang Pu and
               Min Zhang},
  title     = {On Reachability Analysis of Pushdown Systems with Transductions: Application to Boolean Programs with Call-by-Reference},
  booktitle = {Proceedings of the 26th International Conference on Concurrency Theory {(CONCUR)}},
  pages     = {383--397},
  year      = {2015},
}

@inproceedings{BEM97,
  author    = {Ahmed Bouajjani and
               Javier Esparza and
               Oded Maler},
  title     = {Reachability Analysis of Pushdown Automata: Application to Model-Checking},
  booktitle = {Proceedings of the 8th International Conference on Concurrency Theory {(CONCUR)}},
  pages     = {135--150},
  year      = {1997},
}

@book{Min67,
	author ={M. Minsky},
    title  = {Computation: Finite and Infinite Machines},
    publisher = {Prentice Hall Int.},
    year      = {1967}
}

@article{Ati12,
  author    = {Mohamed Faouzi Atig},
  title     = {Model-Checking of Ordered Multi-Pushdown Automata},
  journal   = {Logical Methods in Computer Science},
  volume    = {8},
  number    = {3},
  year      = {2012}
}

@inproceedings{ABH08,
  author    = {Mohamed Faouzi Atig and
               Benedikt Bollig and
               Peter Habermehl},
  title     = {Emptiness of Multi-pushdown Automata Is 2ETIME-Complete},
  booktitle = {Proceedings of the 12th International Conference on Developments in Language Theory {(DLT)}},
  pages     = {121--133},
  year      = {2008}
}
@inproceedings{QR05,
  author    = {Shaz Qadeer and
               Jakob Rehof},
  title     = {Context-Bounded Model Checking of Concurrent Software},
  booktitle = {Proceedings of the 11th International Conference on Tools and Algorithms for the Construction and Analysis of Systems {(TACAS)}},
  pages     = {93--107},
  year      = {2005}
}

@inproceedings{TMP07,
  author    = {Salvatore {La Torre} and Parthasarathy Madhusudan and
               Gennaro Parlato},
  title     = {A Robust Class of Context-Sensitive Languages},
  booktitle = {Proceedings of the 22nd {IEEE} Symposium on Logic in Computer Science {(LICS)}},
  pages     = {161--170},
  year      = {2007}
}

@article{BCCC96,
  author    = {Luca Breveglieri and
               Alessandra Cherubini and
               Claudio Citrini and
               Stefano Crespi{-}Reghizzi},
  title     = {Multi-Push-Down Languages and Grammars},
  journal   = {Int. J. Found. Comput. Sci.},
  volume    = {7},
  number    = {3},
  pages     = {253--292},
  year      = {1996}
}

@article{Mas96,
  author    = {A. N. Maslov},
  title     = {Multilevel stack automata},
  journal   = {Problems of Information Transmission},
  volume    = {15},
  pages     = {1170--1174},
  year      = {1976}
}


@inproceedings{TN11,
  author    = {Salvatore {La Torre} and
               Margherita Napoli},
  title     = {Reachability of Multistack Pushdown Systems with Scope-Bounded Matching
               Relations},
  booktitle = {Proceedings of the 22nd International Conference on Concurrency Theory {(CONCUR)}},
  pages     = {203--218},
  year      = {2011}
}


@inproceedings{AAA17,
  author    = {Parosh Aziz Abdulla and
               C. Aiswarya and
               Mohamed Faouzi Atig},
  title     = {Data Multi-Pushdown Automata},
  booktitle = {Proceedings of the 28th International Conference on Concurrency Theory {(CONCUR)}},
  pages     = {38:1--38:17},
  year      = {2017},
  doi       = {10.4230/LIPIcs.CONCUR.2017.38}
}


@inproceedings{AARS12,
  author    = {Parosh Aziz Abdulla and
               Mohamed Faouzi Atig and
               Othmane Rezine and
               Jari Stenman},
  title     = {Multi-pushdown systems with budgets},
  booktitle = {Formal Methods in Computer-Aided Design {(FMCAD)}},
  pages     = {24--33},
  year      = {2012}
}

@inproceedings{RZXWL15,
  author    = {Chuangang Ren and
               Yulong Zhang and
               Hui Xue and
               Tao Wei and
               Peng Liu},
  title     = {Towards Discovering and Understanding Task Hijacking in Android},
  booktitle = {Proceedings of the 24th {USENIX} Security Symposium {({USENIX} Security)}},
  pages     = {945--959},
  year      = {2015}
}

@inproceedings{YZWWYR15,
  author    = {Shengqian Yang and
               Hailong Zhang and
               Haowei Wu and
               Yan Wang and
               Dacong Yan and
               Atanas Rountev},
  title     = {Static Window Transition Graphs for Android},
  booktitle = {Proceedings of the 30th {IEEE/ACM} International Conference on Automated Software Engineering {(ASE)}},
  pages     = {658--668},
  year      = {2015}
}

@inproceedings{MP11,
  author    = {P. Madhusudan and Gennaro Parlato},
  title     = {The tree width of auxiliary storage},
  booktitle = {Proceedings of the 38th {ACM} {SIGPLAN-SIGACT} Symposium on Principles
               of Programming Languages {(POPL)}},
  pages     = {283--294},
  year      = {2011}
}

@inproceedings{CHL12,
  author    = {Wojciech Czerwinski and
               Piotr Hofman and
               Slawomir Lasota},
  title     = {Reachability Problem for Weak Multi-Pushdown Automata},
  booktitle = {Proceedings of the 23rd International Conference on {(CONCUR)}},
  pages     = {53--68},
  year      = {2012}
}

@inproceedings{HO07,
  author    = {Matthew Hague and
               C.{-}H. Luke Ong},
  title     = {Symbolic Backwards-Reachability Analysis for Higher-Order Pushdown
               Systems},
  booktitle = {Proceedings of the 10th International Conference on Foundations of Software Science and Computational Structures {(FOSSACS)}},
  pages     = {213--227},
  year      = {2007}
}

@inproceedings{KNU02,
  author    = {Teodor Knapik and
               Damian Niwinski and
               Pawel Urzyczyn},
  title     = {Higher-Order Pushdown Trees Are Easy},
  booktitle = {Proceedings of the 5th International
               Conference on Foundations of Software Science and Computation Structures {(FOSSACS)}},
  pages     = {205--222},
  year      = {2002}
}


@inproceedings{TP12,
  author    = {Salvatore {La Torre} and
               Gennaro Parlato},
  title     = {Scope-bounded Multistack Pushdown Systems: Fixed-Point, Sequentialization,
               and Tree-Width},
  booktitle = {{IARCS} Annual Conference on Foundations of Software Technology and
               Theoretical Computer Science {(FSTTCS)}},
  pages     = {173--184},
  year      = {2012}
}

@article{Song18,
  author    = {Fu Song},
  title     = {Analyzing pushdown systems with stack manipulation},
  journal   = {Information and Computation},
  volume    = {259},
  number    = {1},
  pages     = {41--71},
  year      = {2018}
}

@inproceedings{CGK12,
  author    = {Aiswarya Cyriac and
               Paul Gastin and
               K. Narayan Kumar},
  title     = {{MSO} Decidability of Multi-Pushdown Systems via Split-Width},
  booktitle = {{CONCUR}},
  pages     = {547--561},
  year      = {2012}
}

@inproceedings{HL+13,
 author = {Hao, Shuai and Li, Ding and Halfond, William G. J. and Govindan, Ramesh},
 title = {Estimating Mobile Application Energy Consumption Using Program Analysis},
 booktitle = {Proceedings of the 35th International Conference on Software Engineering ({ICSE})},
 year = {2013},
 pages = {92--101},
}

@electronic{android-statistics,
	author = {},
	title = {75 Amazing Android Statistics and Facts (August 2018)},
	year = {2018},
	url = {https://expandedramblings.com/index.php/android-statistics/},
	urldate = {}
}

@electronic{google-play-statistics,
	author = {},
	title = {Number of available applications in the Google Play Store from December 2009 to September 2018},
	year = {2018},
	url = {https://www.statista.com/statistics/266210/number-of-available-applications-in-the-google-play-store/},
	urldate = {}
}

@inproceedings{XBM+17,
  author    = {Yinhao Xiao and
               Guangdong Bai and
               Jian Mao and
               Zhenkai Liang and
               Wei Cheng},
  title     = {Privilege Leakage and Information Stealing through the Android Task
               Mechanism},
  booktitle = {{IEEE} Symposium on Privacy-Aware Computing, {PAC} 2017, Washington,
               DC, USA, August 1-4, 2017},
  pages     = {152--163},
  year      = {2017},
}

@inproceedings{BCI+15,
 author = {Bianchi, Antonio and Corbetta, Jacopo and Invernizzi, Luca and Fratantonio, Yanick and Kruegel, Christopher and Vigna, Giovanni},
 title = {What the App is That? Deception and Countermeasures in the Android User Interface},
 booktitle = {Proceedings of the 2015 IEEE Symposium on Security and Privacy, {SP} 2015},
 year = {2015},
 pages = {931--948},
 numpages = {18},
 doi = {10.1109/SP.2015.62},
 publisher = {IEEE Computer Society},
 address = {Washington, DC, USA},
} 


 \tablefootnote{}

@inproceedings{OLD+15,
 author = {Octeau, Damien and Luchaup, Daniel and Dering, Matthew and Jha, Somesh and McDaniel, Patrick},
 title = {Composite Constant Propagation: Application to Android Inter-component Communication Analysis},
 booktitle = {Proceedings of the 37th International Conference on Software Engineering - Volume 1},
 series = {ICSE '15},
 year = {2015},
 pages = {77--88},
 url = {http://dl.acm.org/citation.cfm?id=2818754.2818767},
 acmid = {2818767},
 publisher = {IEEE Press},
} 

@inproceedings{AN13,
 author = {Azim, Tanzirul and Neamtiu, Iulian},
 title = {Targeted and Depth-first Exploration for Systematic Testing of Android Apps},
 booktitle = {Proceedings of the 2013 ACM SIGPLAN International Conference on Object Oriented Programming Systems Languages and Applications},
 series = {OOPSLA '13},
 year = {2013},
 pages = {641--660},
 numpages = {20},
 doi = {10.1145/2509136.2509549},
 publisher = {ACM},
} 


@electronic{intent-flags,
	author = {},
	title = {Android Intent Flags},
	year = {2023},
	url = {https://developer.android.com/reference/android/content/Intent#flags},
	urldate = {}
}

@electronic{rtf-bug,
	author = {},
	title = {Strange back button behaviour on Nexus 4 stock 4.4.2},
	year = {},
	url = {https://issuetracker.google.com/issues/36986021},
	urldate = {}
}

@electronic{android-emulator,
	author = {},
	title = {Android Emulator},
	year = {},
	url = {https://developer.android.com/studio/run/emulator},
	urldate = {}
}


@electronic{syncorg,
	author = {},
	title = {SyncOrg},
	year = {},
	url = {https://f-droid.org/en/packages/com.coste.syncorg/},
	urldate = {}
}

@electronic{lnkshortener,
	author = {},
	title = {LnkShortener},
	year = {},
	url = {https://f-droid.org/packages/de.hirtenstrasse.michael.lnkshortener/},
	urldate = {}
}

@electronic{Gator,
	author = {Atanas Rountev and Dacong Yan and Shengqian Yang and Yan Wang and Haowei Wu and Hailong Zhang and Chandrasekar Swaminathan and Sufian Latif and Yu Hao},
	title = {Gator, retrieved 2021-11},
	year = {2021},
	url = {http://web.cse.ohio-state.edu/presto/software/gator},
}

@online{UIAutomator,
author = "Google",
year = "2021",
title = "UIAutomator",
url = "https://developer.android.com/training/testing/ui-automator",
month = "November",
lastaccessed = "November, 2021",
}

@inproceedings{YZ+22,
  author    = {Jiwei Yan and Shixin Zhang and Yepang Liu and Xi Deng and Jun Yan and Jian Zhang},
  title     = {A Comprehensive Evaluation of Android ICC Resolution Techniques},
  booktitle = {{ASE} 2022},
 year = {2022}
}
